4092 5134
971 431 981 507 τ
1020 410 1292 539 ᾸΟΑΡΗΤ.
1339 426 1475 520 tlt:
1546 502 1550 509 .
1665 433 1672 443 ·

989 625 1374 725 exaestuare.
1399 641 1429 693 2.

544 860 547 869 ¹
630 836 680 926 36.
708 831 837 901 Vettun
850 820 1002 928 superior
1018 823 1194 899 difficultas
1210 852 1347 930 qnoque
1366 804 1545 911 evanescit,
1573 826 1688 895 onmia
1710 818 1751 893 ad
1769 846 1886 894 nurne-

527 956 586 1008 res
601 929 769 1005 absolutos
790 927 995 1013 revocando.
1039 930 1073 1000 st
1091 934 1181 1001 enim
1197 935 1233 1001 in
1248 927 1357 1029 spatiis
1374 921 1602 1001 mensurandis
1621 922 1766 1025 spatium
1777 922 1893 1027 quodi

530 1033 609 1107 dam
627 1032 889 1105 determinatum
904 1058 968 1134 pro
985 1036 1113 1102 unitate
1137 1022 1356 1119 assuritanus,
1396 1020 1611 1131 similiterque
1632 1054 1700 1128 pro
1722 1033 1895 1131 tempori-⁵

528 1136 590 1210 bus
624 1156 754 1235 tempus
805 1132 952 1207 uoddam
983 1130 1239 1209 determinatum
1268 1159 1333 1234 pro
1373 1126 1497 1205 unitate
1520 1132 1892 1230 habeatnt1s3'1hacque'

530 1231 688 1311 mensura
709 1161 896 1308 conllanter
921 1254 1075 1323 utamur,
1099 1242 1214 1308 onmia
1239 1256 1307 1306 tam
1322 1230 1424 1334 spatia
1439 1261 1539 1337 quatu
1561 1254 1716 1332 tempora
1739 1238 1889 1318 nonacris

532 1334 689 1413 absolutis
714 1343 965 1437 exprimentur,
1016 1363 1138 1411 uorum
1155 1334 1354 1409 divisionem
1369 1335 1594 1438 promiscuam
1616 1336 1704 1408 nihil
1725 1335 1770 1406 ell
1792 1330 1889 1437 quod

531 1436 700 1540 impediat.
750 1443 856 1536 Quoti
878 1467 969 1541 ergo
991 1365 1088 1540 supra
1107 1440 1244 1512 indicati
1267 1459 1359 1512 certe
1381 1457 1482 1511 erunt
1501 1438 1723 1512 celeritatibus
1740 1461 1888 1539 propor-

530 1541 692 1630 tionales,
705 1535 708 1545 ’
720 1560 753 1613 et
765 1548 842 1642 quia
860 1542 999 1615 arbitrio
1015 1542 1130 1614 nollro
1150 1540 1259 1615 adhuc
1287 1541 1506 1643 relinquitur,
1535 1566 1715 1642 quamnam
1735 1539 1894 1614 celeritas¹

453 1638 456 1649 ’
531 1664 600 1718 tem
616 1645 715 1718 inslar
730 1649 863 1717 unitatis
882 1642 1201 1747 spesiarerrelimus,
1227 1643 1314 1717 nihil
1329 1643 1445 1733 obslat,
1471 1669 1540 1744 quo
1559 1648 1670 1715 minus
1687 1669 1760 1737 earn
1781 1639 1893 1743 ipsane,

530 1745 749 1833 celeritatem,
764 1773 866 1847 quam
882 1765 1005 1850 quotus
1025 1744 1082 1817 ille
1097 1751 1132 1816 in
1147 1752 1310 1819 unitatem
1326 1745 1437 1818 abiens
1456 1746 1589 1835 indicat,
1617 1750 1715 1818 etiam
1730 1771 1794 1845 pro
1810 1749 1892 1816 arni-⁴

529 1866 593 1923 tate
629 1843 836 1920 assumamus.
912 1850 1043 2005 sQuam
1077 1853 1246 1925 rationem
1291 1846 1318 1920 ss
1354 1848 1640 1935 constituerimus,
1693 1850 1790 1948 quoti
1833 1841 1888 1916 su·

529 2013 590 2087 pra
607 1972 754 2087 affignati
774 1968 826 2114 ‘s'
843 2001 876 2056 et
894 2033 945 2117 -f
962 2011 1082 2058 revera
1096 1983 1231 2089 quasvis
1243 1976 1427 2107 celcritqter
1444 1982 1688 2087 designabunt-1
1724 2038 1726 2043 .
1744 1987 1888 2087 §uesper

531 2159 644 2210 autent
662 2133 750 2209 solae
766 2134 945 2208 relationes
961 2156 1096 2212 mutuae
1120 2133 1272 2209 sufficere
1297 2130 1453 2241 possunt,
1486 2158 1520 2214 et
1539 2134 1659 2241 quovis
1675 2133 1752 2212 casu
1769 2134 1894 2213 obtueri

528 2234 1370 2345 sacilefleriteasagiuteusutaaabsolutasrevocare.
1470 2243 1472 2246 ’
1739 2276 1742 2281 ·
1859 2268 1862 2273 ·

1041 2495 1374 2599 seaucton.

555 2746 559 2753 ·
637 2719 686 2789 37.
711 2696 809 2767 Hanc
824 2692 1002 2771 celeritatis
1025 2702 1368 2795 mtionuneamotu
1383 2690 1548 2769 uniformi
1562 2689 1800 2797 seu‘aequabili
1825 2693 1887 2792 pe·'
1927 2788 1929 2793 Ι

531 2799 688 2895 tiviuaur,
712 2797 821 2871 nihilo
838 2823 921 2872 vero
937 2805 1047 2874 minus
1074 2806 1177 2874 etiam
1196 2798 1394 2872 admottun
1415 2796 1657 2898 inaequabilem
1679 2814 1778 2894 patet.
1820 2797 1886 2867 Uti
1920 2818 1929 2851 -·

532 2904 624 2969 etaim
646 2905 679 2969 iu
702 2918 800 2972 motu
823 2901 986 2998 aequabili
1011 2901 1164 2973 celeritas
1188 2899 1312 2997 ubique
1336 2897 1381 2970 est
1412 2896 1548 2985 eadem,
1574 2905 1619 2972 ita
1635 2905 1671 2969 in
1687 2894 1887 2997 inaequabili

531 3005 655 3069 ututari
671 2999 716 3069 est
731 2995 835 3069 intelli
862 2999 956 3076 enda.
1006 3003 1094 3073 Mox
1109 3005 1201 3072 enim
1216 2994 1439 3088 ostendemus,
1456 3005 1492 3071 in
1506 3007 1600 3075 omni
1623 3019 1730 3087 motu,
1752 3021 1885 3071 uterum·
1921 3068 1924 3073 .

531 3124 598 3199 que
617 3100 655 3170 stt
670 3025 897 3199 inaequabilis,
915 3106 1053 3174 minima
1068 3099 1164 3203 spatii
1181 3098 1348 3172 elementa
1363 3098 1489 3202 singula
1510 3087 1608 3176 motu
1628 3100 1791 3203 aequabili
1809 3126 1885 3201 per·

532 3194 627 3271 cursa
643 3207 773 3302 concipi
789 3195 895 3302 polle,
920 3202 1032 3303 sicque
1048 3209 1084 3276 in
1100 3207 1220 3304 quovis
1238 3199 1258 3274 s
1275 3207 1331 3274 atii
1349 3202 1477 3302 pundo
1501 3204 1705 3279 celeritatem
1725 3200 1886 3307 aistgnate

499 3297 505 3313 '
532 3299 631 3389 licet,
669 3329 736 3404 qua
766 3298 894 3376 scilicet
939 3310 1120 3379 minimum
1141 3299 1170 3397 ‚s
1186 3228 1326 3377 ariolum
1363 3303 1411 3376 ibi
1437 3326 1641 3379 caucetum
1666 3310 1886 3405 percurritur:

530 3407 643 3503 Atque
659 3407 739 3479 hinc
755 3405 917 3491 celeritas,
937 3427 993 3478 tan
1018 3434 1096 3479 uam
1118 3329 1253 3477 indoles
1274 3403 1438 3506 quaedam
1458 3334 1634 3508 peculiaris
1656 3426 1769 3499 motus
1791 3404 1885 3481 ade·

529 3501 824 3605 scriptionespatii
840 3534 911 3580 uon
928 3434 1089 3607 pendeus,
1107 3503 1310 3580 confiderari
1324 3506 1443 3607 potest,
1470 3516 1599 3583 catania
1619 3508 1768 3610 quolibet
1790 3504 1885 3609 spatii

531 3601 689 3705 descripti
705 3608 831 3706 puudlo
847 3627 934 3681 certa
951 3607 1050 3683 detur
1064 3607 1223 3681 celeritas.
1274 3610 1328 3680 Ex
1346 3637 1416 3712 quo
1447 3613 1592 3684 celeritas
1618 3618 1719 3683 etiam
1742 3608 1884 3684 itadesi·

532 3713 600 3780 uiri
622 3703 748 3807 posset,
789 3728 827 3781 ut
847 3709 888 3781 stt
913 3708 985 3783 talis
1010 3730 1133 3784 motus·
1148 3708 1360 3782 modificatio
1368 3770 1380 3808 Ι
1405 3737 1470 3812 qua
1495 3718 1522 3783 is
1537 3711 1577 3783 ad
1593 3732 1725 3786 certum
1742 3709 1885 3810 spatium

477 3897 479 3901 Ι
533 3825 629 3881 certo
656 3828 810 3912 tempore
832 3806 1089 3887 describendum
1113 3809 1368 3905 determinetur.
1418 3814 1583 3886 Ceterum
1605 3820 1655 3886 uti
1679 3817 1735 3887 hic
1749 3833 1886 3889 motum
1914 3840 1917 3845 ·

531 3928 703 4012 utcunque
717 3909 944 4011 respedlivutn
965 3906 1160 4009 consideras,
1188 3910 1339 3986 celeritas
1358 3940 1494 4015 qnoque
1514 3922 1590 4015 'pari
1613 3913 1720 3989 modo
1743 3922 1808 3990 erit
1831 3941 1885 3991 re·

530 4006 696 4112 spettiva,
721 4034 820 4115 atque
855 4020 891 4085 in
921 4014 1045 4090 eodem
1065 4016 1199 4117 'pundlo
1224 4012 1368 4102 diversa,
1392 4013 1494 4117 idque
1515 4014 1636 4093 eodem
1646 4036 1824 4120 tempore,
1839 4018 1885 4093 esl

531 4110 760 4211 agnoscenda,
793 4121 908 4215 prouti
939 4137 1050 4191 moms
1078 4108 1120 4190 ad
1141 4115 1202 4189 alia
1226 4137 1324 4217 atque
1348 4115 1411 4188 alia
1435 4143 1496 4189 cor
1520 4147 1580 4193 ora
1605 4117 1780 4197 referatur.
1834 4126 1885 4195 lta

528 4212 606 4288 fieri
627 4216 751 4318 potell,
773 4236 811 4290 ut
824 4223 984 4318 ¹[corporis
1007 4226 1042 4292 in
1056 4245 1141 4292 nave
1157 4222 1241 4289 tnoti
1261 4216 1424 4307 celeritas,
1443 4144 1594 4322 reldcdiu
1612 4229 1719 4315 navis,
1735 4231 1886 4299 maxime

530 4309 697 4423 discrepet
709 4319 749 4392 ab
763 4316 1097 4420 ejusdemdscleritate
1112 4318 1265 4423 respec‘iu
1280 4325 1382 4422 ripae,
1517 4317 1520 4327 ’

1774 4580 1888 4659 Dm·
1907 4618 1913 4631 ·
