4092 5134
604 278 612 282 ’
736 260 738 264 ”
824 296 1245 429 PRAEFATIO.
1303 462 1307 469 Ι

347 550 512 665 incedit,
540 548 675 643 frisiio
691 549 750 640 est
763 530 1048 672 inseparabilia.
1106 553 1252 667 Quare
1267 573 1315 642 ut
1328 542 1583 647 trattatior'ie
1603 560 1713 693 ejus-4
1872 665 1875 670 ,
1910 664 1931 701 Ι,

344 702 461 791 modi
475 703 659 792 motibus
674 733 726 790 eo
740 700 943 819 majorem
959 707 1002 789 in
1019 706 1144 819 praxi
1156 702 1308 793 habere
1321 706 1439 825 possut
1452 707 1591 824 usum,
1617 714 1713 803 ulti·

343 879 416 945 mo
442 849 538 940 loco
556 838 775 971 peculiaris
798 851 996 939 trasiatus
1018 852 1071 943 de
1094 877 1214 942 motu
1238 840 1462 970 corporum
1484 828 1713 976 rigidorum

342 1001 573 1090 asrisiioue
587 1007 828 1121 perturbato
845 1006 1041 1093 adnexus
1055 1004 1123 1091 est.
1164 1000 1389 1117 Explicata
1403 1006 1543 1121 itaque
1558 1007 1711 1097 frisiio-
1741 1040 1744 1045 ·
1923 1026 1929 1037 ‘

340 1152 403 1237 nis
418 1171 566 1239 natura
581 1157 624 1240 in
635 1182 806 1268 genere,
833 1156 885 1245 δι
900 1152 1029 1240 modo
1041 1151 1273 1242 stitiionem
1288 1154 1331 1237 in
1354 1146 1563 1259 caleulum
1582 1161 1710 1247 intro-

301 1284 303 1289 ’
339 1296 522 1389 ducendi
535 1307 763 1415 generatim
785 1302 976 1414 evoluto,
1013 1298 1242 1420 perpendet
1268 1326 1375 1388 cun.
1393 1326 1603 1392 Avc‘ron
1619 1334 1711 1393 me·

337 1463 406 1532 tus
423 1450 613 1561 gravium
630 1451 903 1567 progreffivos
916 1482 942 1539 a
955 1450 1143 1542 snsiione
1162 1450 1397 1567 impeditos,
1427 1472 1570 1541 motus
1588 1482 1714 1571 gyra-
1841 1424 1847 1435 ’
1893 1464 1899 1481 ·
1935 1478 1937 1487 ¹

334 1598 468 1682 turios
481 1624 704 1714 corporum
716 1605 909 1713 gravium
917 1602 1029 1687 circa
1043 1624 1173 1685 axem
1186 1596 1324 1684 fixum
1339 1582 1565 1717 astitiione
1582 1582 1715 1689 retur«
1743 1612 1750 1619 “
1781 1692 1790 1701 ,

336 1728 481 1854 dutus,
526 1744 720 1862 quorsum
753 1752 962 1865 pertinent
987 1768 1129 1837 mutus
1157 1742 1435 1865 pendulurum
1456 1748 1510 1835 ub
1531 1748 1709 1839 axiculiu

333 1891 570 2009 cylindricis
591 1893 877 2015 suspensorum,
905 1914 1047 1985 motus
1062 1916 1278 2013 praeterea
1291 1898 1507 1985 turbinum
1521 1899 1565 1984 in
1579 1896 1709 2015 cuspi-

333 2039 434 2128 dem
446 2041 717 2133 desinentium
733 2045 850 2163 super
857 2044 983 2164 plano
998 2043 1260 2157 horizontaii,
1285 2044 1484 2136 srieiionis
1498 2044 1710 2145 habitares,

334 2167 481 2302 tione‚·
498 2222 549 2279 ac
565 2192 744 2309 denique
757 2209 898 2281 motus
910 2190 1133 2309 globorum
1146 2213 1339 2286 centrum
1352 2195 1525 2283 inertiae
1540 2198 1585 2283 in
1602 2194 1706 2314 ipsu-

334 2360 589 2427 rumeentru
601 2342 724 2429 situm
737 2341 978 2431 habentium
995 2338 1115 2460 super
1126 2338 1252 2460 plano
1273 2342 1533 2433 horizontali

336 2528 340 2539 ·
442 2486 564 2576 Haec
579 2507 717 2602 erant,
746 2518 855 2607 quae
872 2490 925 2579 de
941 2490 1264 2607 praestantiffimi
1283 2493 1405 2606 hujus
1423 2496 1563 2611 operis
1584 2498 1731 2613 argu?
1774 2610 1779 2617 ἡ

333 2659 478 2728 mento
490 2642 757 2755 praefationis
773 2639 867 2727 loco
879 2617 1184 2753 praemittenda
1192 2638 1269 2725 esse
1284 2642 1441 2754 putavi.
1470 2640 1541 2727 De
1555 2649 1707 2761 eoqui·
1799 2707 1802 2712 -

335 2788 433 2876 dem
449 2785 654 2903 persuasus
669 2785 776 2900 sum,
807 2787 858 2877 L.
873 2784 928 2881 Β.
943 2787 1070 2873 etiam
1085 2785 1244 2899 absque
1263 2784 1342 2870 hac
1362 2784 1617 2903 praiiminari
1639 2818 1705 2879 re·

331 2937 520 3049 censione
537 2934 811 3028 abEvuuao
827 2935 940 3025 haud
960 2933 1156 3053 vulgares
1177 2928 1409 3051 expesiasse
1430 2932 1706 3055 investigatio·¹
1748 3014 1751 3021 .
1908 3004 1914 3013 .

331 3110 420 3172 nes.
448 3082 589 3172 Nihilo
605 3102 747 3171 tamen
755 3083 883 3174 secius
895 3084 1005 3173 haud
1023 3070 1412 3199 incungruummihi
1426 3081 1556 3172 visum
1564 3085 1636 3199 est,
1649 3086 1704 3177 de
1774 3122 1803 3219 Ἰ

329 3236 380 3320 iis
395 3228 538 3338 saltem
550 3236 593 3320 in
607 3232 857 3323 antecessum
871 3230 1026 3351 aliquid
1041 3235 1084 3319 in
1097 3232 1283 3320 medium
1301 3230 1499 3347 proferre,
1532 3238 1702 3348 quaein
1865 3266 1870 3273 ·

328 3382 410 3469 hoc
424 3365 796 3500 operevelprutsus
811 3410 923 3473 nova
937 3381 1039 3491 sunt,
1052 3370 1123 3469 vel
1138 3408 1251 3467 nova
1263 3374 1404 3465 saitem
1417 3376 1617 3466 methodo
1625 3406 1701 3469 ex·
1824 3364 1838 3447 s

327 3533 471 3653 posta,
486 3531 531 3622 ἃ
551 3534 702 3648 quibus
722 3530 888 3622 scientia
911 3530 1156 3619 mechanica
1177 3531 1354 3619 maximi
1377 3525 1572 3643 ponderis
1596 3554 1700 3645 aug·
1733 3586 1759 3603 .-

328 3704 471 3772 menta
488 3676 678 3802 adsecuta
697 3680 756 3768 est
776 3677 987 3768 censenda
1045 3674 1336 3765 Methanicarn
1357 3703 1584 3793 corporum
1601 3680 1698 3793 rigi-

329 3802 481 3924 durum
493 3829 546 3920 ad
561 3850 724 3917 tantum
737 3828 997 3946 perfeetionis
1013 3827 1190 3943 gradum
1204 3828 1247 3912 in
1260 3823 1341 3911 hoc
1353 3822 1528 3913 trasiatu
1548 3825 1716 3955 pondu-¹

327 3987 396 4072 xit
424 3980 484 4069 lli
503 4004 724 4086 Avcaon,
738 4000 786 4065 ut
796 3977 915 4097 plura
930 3976 1143 4094 expesiari
1152 4005 1235 4063 non
1246 3973 1404 4091 possunt,
1420 4001 1497 4058 nec
1508 3968 1713 4064 debeant:
1825 4052 1834 4057 -

328 4126 672 4247 Quomodunque
694 4110 805 4216 enim
821 4125 1037 4246 problema
1060 4126 1113 4213 de
1128 4144 1248 4212 motu
1262 4125 1449 4241 corporis
1464 4121 1583 4238 rigidi
1598 4123 1699 4211 defi·

325 4274 482 4381 rtiendo
494 4270 619 4367 fuerit
635 4276 944 4396 complicatum,
958 4258 1182 4362 secundum
1195 4274 1393 4392 principia
1406 4269 1579 4360 stabilita
1593 4269 1698 4356 sem·
1803 4362 1808 4371 ,

327 4444 431 4495 ⁴³2·
626 4450 628 4455 ·
817 4454 825 4466 ·
1005 4421 1091 4515 de
1620 4446 1696 4534 per
