4092 5134
671 306 1091 408 PRAEFATIO.
1226 229 1229 232 Ι

195 532 386 642 inertiae,
414 556 523 646 quae
535 530 654 618 initio
665 556 744 646 pro
757 535 908 650 quovis
922 518 1099 651 corpore
1118 527 1231 648 quali
1253 522 1411 615 infinita
1430 526 1568 643 videri

143 686 145 691 ’
193 681 342 801 pollet,
370 678 599 767 mirificein
615 680 911 796 compendium
927 683 1137 798 redigitur.¹
1192 654 1437 795 Secundum
1455 674 1562 765 hano

193 828 440 921 methodum
451 825 936 946 sequentiCap.VI.cnn.
946 841 1378 920 nvcronmomenta
1388 826 1563 915 inertiae

126 993 129 997 ’
190 1010 271 1100 pro
284 977 516 1096 praecipuis
533 1003 760 1090 corporum
773 979 818 1069 δι
841 979 1022 1096 quidem·
1037 979 1393 1089 homogeneorum
1413 968 1564 1087 specie-

189 1130 269 1223 bus
283 1122 454 1217 evoluta
469 1123 602 1232 dedit,
630 1141 678 1210 ut
692 1106 855 1239 quoties
868 1123 961 1214 usus
976 1126 1154 1242 postulat
1169 1123 1266 1212 inde
1285 1117 1439 1233 desumi
1463 1115 1575 1236 quai

190 1295 273 1365 ant
330 1272 589 1386 Praecipuus
608 1270 736 1382 caius,
749 1272 803 1360 ad
817 1301 945 1389 quem
960 1275 1120 1363 theoria
1135 1275 1188 1362 de
1202 1288 1323 1363 motu
1337 1296 1564 1384 corporum

185 1423 418 1540 rigidorum
432 1423 838 1512 cucaaxemlixum
858 1424 1173 1514 accommodari
1187 1421 1306 1548 solet,
1340 1416 1562 1509 estmotus

186 1554 455 1660 olcillatorius
484 1596 712 1685 corporum
742 1571 953 1685 gravium,
989 1603 1120 1691 quare
1147 1571 1307 1675 omnia,
1352 1595 1460 1681 quae
1479 1567 1563 1659 huc

184 1717 378 1837 speciant,
406 1715 667 1833 problemata
680 1717 733 1804 de
751 1733 896 1806 centro
913 1719 1172 1810 oscillationis
1187 1713 1433 1837 in'pendulis
1446 1745 1561 1807 com·

184 1869 325 1986 positis
341 1856 554 1985 Cap-Vll.
572 1867 747 1956 resoluta
760 1865 869 1982 sunt,
899 1869 1046 1986 hisque
1063 1871 1253 1961 tradatio
1267 1867 1321 1955 de
1336 1884 1463 1969 motu
1483 1869 1562 1955 cin

188 2043 239 2103 ca
255 2037 385 2102 axem
398 2015 534 2104 lixum
547 2019 759 2134 gyratorio
782 2015 933 2105 finitur.
1434 1994 1438 2001 ’

285 2163 431 2254 Restat
442 2193 548 2254 vero
562 2167 649 2279 jam
666 2169 939 2281 praecipuum
955 2170 1083 2289 totius
1096 2169 1235 2285 operis
1252 2182 1559 2282 argumentum,

189 2311 350 2434 theoria
361 2309 510 2400 scilicet
523 2311 575 2399 de
594 2335 715 2401 motu
736 2313 867 2402 libero
885 2323 1073 2434 corporis
1094 2317 1213 2434 rigidi
1232 2346 1259 2404 a
1282 2316 1443 2406 viribus
1469 2314 1560 2429 qui÷
1656 2326 1661 2335 “
1773 2292 1779 2301 ’

130 2460 145 2482 ’“
188 2463 434 2577 buscunquc
445 2459 662 2573 sollicitati,
690 2465 733 2549 in
746 2436 1062 2578 duaenodanda
1090 2467 1293 2557 Summus
1313 2462 1558 2554 Evnnnvs

185 2633 303 2700 tanta
316 2609 529 2728 praestitit,
558 2632 714 2725 quanta
729 2616 772 2699 in
786 2642 832 2700 re
848 2635 936 2700 tam
959 2614 1090 2701 ardua
1110 2611 1324 2729 expedlari
1343 2616 1422 2702 vix
1443 2631 1561 2727 pote-⁸

165 2784 293 2851 vrant
349 2756 745 2885 Quomodocunque
758 2781 901 2850 motus
920 2766 1109 2877 corporis
1123 2757 1249 2845 fuerit
1276 2759 1557 2876 perturbatus,

184 2914 228 3000 is.
237 2908 394 3022 semper
409 2932 487 3024 pro
500 2892 650 3025 quovis
667 2914 868 3026 temporis
889 2928 1107 2998 momento
1123 2905 1269 2999 resolvi
1284 2907 1418 3026 potest
1431 2910 1476 2993 in
1497 2907 1560 2995 bi·
1681 2954 1687 2961 ·

184 3085 264 3147 nos
280 3077 433 3160 motus
461 3056 642 3170 quorum
660 3058 765 3145 alter
779 3057 827 3144 fit
840 3055 1128 3174 progreffivus,
1145 3085 1203 3145 ex
1218 3078 1338 3144 motu
1351 3059 1482 3143 centri
1498 3058 1560 3143 ine

185 3209 314 3293 ertiae
331 3201 639 3318 dijudicandus,
669 3203 773 3292 alter
786 3208 1019 3322 gyratorius
1034 3207 1146 3291 circa
1166 3211 1406 3322 quempiam
1429 3234 1560 3295 axem
1690 3282 1691 3285 a

183 3382 258 3473 per
274 3375 466 3440 centrum
485 3358 658 3444 inertiae
674 3351 863 3441 dudum:
893 3351 1065 3443 effectus
1079 3383 1182 3444 vero
1197 3358 1350 3445 virium
1368 3330 1582 3445 momen·x

180 3523 329 3593 taneus
345 3503 505 3592 duabus
523 3503 637 3618 hisce
651 3509 775 3597 rebus
790 3508 1044 3594 continetur:
1073 3506 1210 3622 primo
1224 3508 1572 3595 variationem
1599 3546 1602 3551 ·

181 3674 250 3741 tus
265 3654 396 3739 centri
410 3655 582 3742 inertiae
598 3677 688 3743 tam
700 3661 858 3744 ratione
878 3652 1123 3766 celeritatis,
1161 3649 1288 3770 quarn
1311 3638 1472 3777 ratione
1496 3651 1557 3741 cli-t

180 3803 393 3893 rectionis:
411 3801 600 3894 ¹secundo
617 3809 846 3896 variatione
860 3825 1000 3893 motus
1016 3805 1271 3919 gyratorii&
1284 3802 1454 3920 quidem
1468 3823 1558 3889 tam
1665 3824 1669 3834 ·

182 3953 344 4038 ratione
364 3949 586 4042 celeritatis
606 3954 837 4069 angularis,
873 3979 1001 4069 quam
1022 3940 1193 4036 ratione
1204 3950 1414 4066 positionis
1435 3949 1557 4066 ipsius
1653 3948 1662 3961 '

186 4102 282 4189 axis
295 4103 533 4217 gyrationis.
589 4074 742 4202 Exhis
763 4099 978 4215 dijudicari
1004 4083 1319 4220 quodammodo
1344 4099 1460 4213 licet,
1490 4130 1560 4219 go

185 4248 372 4367 neralem
385 4248 676 4367 problematis,
708 4248 761 4342 de
777 4272 898 4342 motu
910 4250 1055 4355 libero¹
1071 4248 1258 4366 corporis
1280 4251 1400 4367 rigidi
1420 4253 1565 4339 aviri·
1714 4324 1729 4353 ,

763 4395 783 4407 ”
904 4402 933 4462 l*
964 4424 987 4470 c
1479 4397 1567 4486 bus'
