4092 5134
333 459 385 543 54
839 423 1068 515 CAPUT
1106 423 1183 521 lll.

359 653 414 700 uas
429 633 464 697 in
480 618 607 694 mundo
623 617 857 707 observamus,
887 648 982 723 pares
1000 617 1137 698 effeetus
1155 625 1189 693 in
1207 616 1329 693 eodem
1344 643 1488 719 corpore
1506 615 1573 713 spve
1588 636 1699 693 moto

334 656 402 804 live
432 714 863 827 quiescente'p'toducere,
896 745 996 898 atque
1025 731 1187 808 omnine,
1212 718 1411 808 conccd0,a
1432 718 1570 792 flumine
1594 719 1688 794 idem

335 856 468 928 corpus,
489 826 555 899 sive
575 844 753 896 moveatur
770 822 836 895 sive
851 831 928 924 quie
945 847 1008 915 cat,
1033 826 1134 928 louge
1161 824 1256 896 aliter
1279 821 1415 921 impelli.
1466 824 1596 894 Verum
1621 824 1691 895 ltoe

333 928 442 1031 ipsum
460 924 652 1026 exemplum
667 926 814 997 nollram
831 923 1007 1000 mensurae
1025 935 1201 1023 *rationem
1227 930 1362 1026 egregie
1388 920 1586 1025 confirmatt
1607 921 1695 997 dum

293 1025 296 1034 ¹
335 1040 427 1106 enim
459 1027 681 1114 affirmamus,
712 1025 802 1099 idem
831 1054 953 1128 corpus
988 1057 1006 1101 a
1036 1027 1176 1101 flumine
1208 1024 1304 1099 aliter
1331 1023 1477 1123 impelli,
1497 1045 1600 1125 prout
1634 1022 1691 1099 vel

334 1137 523 1236 quieverit,
555 1126 733 1209 velfuerit
766 1148 917 1229 motum²
957 1139 1043 1203 vires
1076 1129 1262 1231 inaequales
1298 1122 1525 1229 agnoscimus,
1564 1154 1601 1198 ac
1624 1155 1689 1229 pto

335 1261 481 1335 corpore
508 1250 605 1302 moto
639 1238 706 1301 vim
741 1227 885 1326 praecise
919 1251 1045 1304 tantam
1073 1234 1298 1319 aestimamus,
1326 1249 1448 1329 quanta
1477 1232 1512 1299 in
1539 1254 1688 1329 corpore

335 1333 527 1437 quiescente
552 1329 695 1405 ettndem
719 1326 877 1403 elseclum
904 1327 985 1405 ell'et
1012 1330 1228 1433 produciura.
1305 1334 1395 1401 Hinc
1416 1335 1528 1411 etiam,
1550 1330 1687 1431 quando

268 1420 270 1425 Ι
336 1440 454 1511 decor
480 1433 592 1506 oribus
609 1431 795 1505 influmine
812 1438 1052 1536 motisagitur,
1082 1462 1145 1534 pro
1164 1439 1283 1536 quovis
1302 1432 1479 1504 celeritatis
1502 1430 1606 1532 gradu
1623 1438 1685 1523 vis,

336 1462 576 1641 quamsumen
594 1534 667 1606 aslu
689 1541 725 1606 in
753 1560 874 1632 corpus
897 1545 1023 1624 exerit,
1047 1535 1187 1609 sollicite
1207 1534 1467 1621 determinatur,
1495 1561 1532 1605 ac
1555 1532 1687 1635 semper

335 1660 428 1712 tanta
446 1637 616 1724 slatuitur,
642 1654 762 1736 quanta
789 1642 823 1706 in
839 1635 960 1709 eodem
984 1640 1189 1739 corpore,s1
1235 1633 1414 1733 uiesceret,
1444 1635 1589 1708 eundem
1604 1632 1685 1711 effe·

336 1726 658 1839 etuniproduceret,
715 1738 827 1827 Quare
842 1733 962 1811 diviso
981 1747 1104 1813 virium
1119 1745 1154 1813 in
1172 1667 1333 1811 absolutas
1349 1761 1382 1809 et
1400 1736 1552 1810 relativas
1577 1744 1613 1813 in
1636 1739 1686 1813 su·

335 1842 524 1943 perioribus
542 1838 634 1909 libris
649 1834 752 1925 fasta,
786 1839 923 1939 proprie
939 1844 1006 1912 huc
1025 1869 1095 1914 non
1119 1849 1282 1941 pertinet,
1311 1846 1533 1939 curn'quovis
1556 1837 1632 1914 casu
1653 1858 1705 1923 el.

336 1971 401 2043 pro
429 1946 548 2040 quovis
573 1958 749 2035 momento
775 1966 811 2010 ca
841 1947 888 2011 vis
905 1947 940 2012 iu
968 1942 1134 2017 calculum
1154 1940 1324 2016 introduci
1338 1938 1474 2029 debeat,
1509 1968 1594 2043 quae
1610 1968 1685 2017 cor·

337 2071 397 2144 pus
415 2060 549 2114 motum
568 2037 772 2141 aeque,acs1
791 2038 987 2141 quiesceret,
1015 2044 1171 2143 impellit.
1224 2049 1263 2117 ln
1277 2043 1562 2144 contemplatione
1573 2064 1686 2153 stipent

276 2130 289 2173 ¹
338 2150 462 2216 virium
477 2139 621 2242 ipsarmn
644 2140 827 2241 plurimum
857 2145 993 2216 interest
1022 2140 1133 2234 nolle,
1161 2164 1274 2220 utrum
1297 2172 1442 2245 corpora
1457 2166 1558 2245 ⁸mota
1581 2172 1685 2251 aeque

273 2309 302 2323 ,.
338 2245 504 2343 afficiant,
525 2270 562 2316 ac
579 2238 799 2345 quiescentia,
825 2272 889 2319 nec
904 2246 974 2326 ne?

853 2450 1175 2524 SCHOLION.

443 2665 509 2736 145.
543 2641 646 2744 Qtod
667 2668 750 2745 ergo
765 2641 813 2716 'ad
835 2651 1053 2746 quantitatem
1082 2653 1205 2721 virium
1230 2642 1426 2746 eofpuscula
1450 2668 1542 2722 mota
1561 2646 1681 2735 sollici·

337 2752 479 2818 tantium
492 2752 629 2834 attinet,
656 2774 728 2819 eam
744 2773 783 2819 ex
799 2744 920 2821 effectu
936 2746 992 2821 seu
1008 2745 1149 2849 spatiolo
1166 2759 1200 2823 in
1225 2748 1423 2826 defiuitione
1444 2749 1613 2854 descripto
1641 2760 1682 2826 ita

177 2861 306 2964 sig-10.
338 2856 500 2946 petimus,
527 2846 616 2948 quasi
633 2849 870 2948 corpusculum
908 2848 1081 2929 uiesceret.
1140 2854 1274 2926 Scilicet
1296 2852 1320 2927 fi
1344 2853 1582 2955 corpusculum
1603 2858 1681 2928 ins

362 2946 508 3022 uiescens
531 2974 549 3017 a
566 2954 598 3018 vi
616 2973 690 3048 :p
715 2878 924 3052 tempuscnlo
943 2983 981 3019 =
1000 2951 1046 3023 dt
1066 2979 1126 3050 per
1149 2951 1323 3053 spatiolum
1337 2958 1392 3029 Sa·
1409 2989 1447 3025 =
1469 2959 1528 3032 da
1547 2977 1681 3057 protru-

165 3062 259 3160 Fjgo‚
278 3085 318 3147 ῃ,
338 2978 453 3136 latur,
477 3045 567 3119 idem
585 3049 820 3147 corpusculum
839 3069 985 3147 motum,
1001 3078 1070 3150 quo
1089 3053 1299 3155 tempusculo
1318 3056 1362 3129 dt
1381 3056 1620 3158 percussurum
1638 3054 1683 3151 el}

200 3126 259 3249 12⁰,
280 3189 320 3255 ¹3·
339 3148 387 3223 set
413 3146 432 3218 s
449 3155 552 3219 atium
575 3152 621 3219 Ss
643 3181 680 3216 =
701 3151 762 3236 ds,
801 3170 871 3224 tum
887 3154 926 3224 ab
943 3153 1071 3250 aequali
1095 3162 1127 3227 vi
1150 3161 1301 3258 purgeri
1325 3159 1529 3250 censebitur,
1558 3159 1683 3234 stitltra
1729 3158 1731 3163 ’

339 3254 406 3323 hoc
424 3177 562 3351 spatium
589 3255 634 3322 Ss
660 3246 793 3350 insuper
809 3281 868 3352 per
884 3252 1019 3355 aequale
1034 3252 1209 3354 spatiolum
1229 3284 1277 3331 to·
1299 3291 1336 3326 =
1358 3264 1411 3334 dtu
1436 3257 1617 3335 secundtun
1636 3262 1682 3337 di·

235 3364 250 3379 “
338 3353 525 3425 ret‘lionem
544 3358 592 3424 vis
609 3349 821 3452 proferatur,
850 3362 892 3429 ita
910 3377 945 3427 ut
962 3359 1017 3427 hic
1035 3377 1147 3432 motus
1165 3360 1353 3458 corpusculi
1379 3364 1465 3434 nihil
1486 3371 1628 3436 omnino
1650 3372 1682 3437 in

339 3451 460 3528 effectu
479 3462 526 3527 vis
544 3474 659 3528 mmet.
712 3459 769 3528 Sin
791 3479 902 3531 autem
926 3463 962 3530 in
985 3457 1065 3561 figg.
1087 3485 1132 3549 tt,
1158 3487 1209 3558 12,
1231 3484 1284 3555 13,
1312 3458 1488 3562 spatiolum
1508 3490 1558 3538 se·
1578 3476 1681 3562 maJus

337 3554 442 3629 suerit
467 3556 520 3628 vel
543 3565 673 3644 minus,
718 3585 818 3658 quam
846 3557 1023 3659 spatiolum
1046 3566 1100 3634 So·
1124 3562 1417 3664 :da(fig.10)‚
1443 3565 1702 3669 intelligentius.

339 3657 575 3755 corpusculum
600 3685 735 3758 quoque
759 3687 777 3730 a
801 3665 833 3731 vi
856 3671 985 3757 majore
1010 3662 1066 3736 vel
1086 3670 1221 3738 minore
1243 3666 1381 3765 impelli.
1439 3671 1551 3769 Quare
1577 3671 1600 3743 si
1622 3698 1681 3772 po·

339 3763 501 3831 tuerimus
520 3753 656 3830 effeslus
673 3787 949 3866 quarmncunque
965 3771 1087 3836 virium
1102 3771 1137 3837 in
1149 3768 1354 3867 corpusculis
1366 3767 1609 3868 quiescentibus
1626 3772 1682 3847 de·

340 3865 541 3945 terminare,
569 3867 724 3933 omnium
749 3890 885 3966 quoque
907 3871 1033 3937 virium
1062 3863 1200 3941 effeslus
1225 3878 1260 3942 in
1283 3872 1488 3969 corpusculis
1512 3871 1681 3969 motis-as·

337 3958 465 4060 signare
482 3967 682 4058 poterimus,
706 3961 894 4039 dummodo
909 3974 1028 4068 quovis
1045 3962 1117 4040 casu
1135 3977 1242 4057 vires,
1265 3972 1383 4073 quibus
1400 3978 1698 4074 corpusculum·

339 4081 370 4130 ta
387 4058 623 4143 sollicitantur,
654 4070 715 4136 rite
731 4065 944 4140 definiantur.
995 4072 1064 4142 Ubi
1079 4071 1216 4173 quidem
1231 4077 1299 4145 hoc
1314 4094 1480 4172 perpetuo
1501 4080 1547 4150 cll
1566 4100 1681 4154 tenen·

254 4198 256 4203 ·
338 4159 436 4250 dum,
462 4164 698 4257 corpusculum
715 4166 851 4268 aliquod
866 4192 997 4243 motum
1014 4200 1031 4242 a
1046 4180 1077 4243 vi
1092 4197 1162 4275 :p
1185 4171 1355 4249 sollicitari
1380 4170 1445 4248 esse
1468 4178 1682 4271 censendtun,

361 4261 472 4335 uando
490 4259 628 4337 effeslus
643 4273 679 4338 iu
695 4293 737 4337 eo
779 4271 938 4343 roduelus
954 4274 1098 4372 aequalis
1119 4276 1164 4346 eil
1181 4275 1250 4361 illi,
1281 4301 1382 4375 quem
1395 4283 1444 4348 vis
1466 4312 1503 4346 ε
1525 4306 1548 4386 p
1568 4290 1603 4355 in
1624 4312 1681 4358 eo.
1727 4348 1730 4355 ,

336 4290 415 4434 lem
435 4367 636 4466 corpusculo
658 4297 847 4471 qrtiesbente
871 4370 991 4444 eodem
1011 4392 1166 4470 tempore
1188 4370 1267 4448 esset
1289 4374 1503 4477 produiiura.
1560 4383 1682 4461 videa.

334 4488 409 4537 mus
429 4491 525 4568 ergo,
548 4467 724 4573 quomodo
748 4477 784 4546 in
802 4472 1002 4577 corpusculo
1025 4470 1212 4579 quiescente
1237 4474 1413 4581 spatiolum
1439 4486 1495 4560 Se
1514 4516 1552 4559 τ.
1570 4490 1627 4566 dtu
1650 4485 1683 4562 se

1635 4590 1684 4695 ⁸sit
