4092 5134
810 361 1245 463 ranrrnrw.
1306 402 1339 507 Ι·

345 586 524 711 relpellu
538 584 653 704 spatii
665 579 847 673 absoluti.
885 577 1005 667 ‘Non
1020 584 1203 671 nilnores
1228 586 1271 674 in
1292 587 1373 677 boc
1393 592 1562 708 negotio
1586 592 1741 710 expe-Q·

348 739 512 849 diendo,
535 765 585 824 ac
604 756 713 845 ante,
727 750 953 819 occurrunt
970 728 1245 846 difficultates,
1275 765 1373 823 curn
1389 766 1457 826 res
1471 739 1526 826 ad
1535 741 1717 853 ejusmo-

192 990 210 1007 p
345 893 390 983 di
408 888 676 1006 aequationes
694 875 984 971 differentiales
997 881 1232 994 reducatur,
1261 884 1370 1001 quae
1385 916 1471 977 non
1485 887 1617 977 solum
1631 919 1720 979 non

343 1038 560 1157 integrari,
588 1032 656 1123 sed
671 1065 724 1122 ne
737 1031 791 1120 ad
813 1027 1154 1146 separabilitatem
1176 1035 1348 1153 quidem
1369 1037 1631 1128 variabilium
1650 1071 1714 1127 re-

345 1190 492 1281 vocari
506 1183 626 1302 polle,
641 1185 724 1302 ipso
732 1181 947 1272 Evnrao
958 1182 1011 1268 ab
1020 1185 1137 1269 initio
1150 1183 1233 1273 visa
1245 1183 1347 1293 sunt,
1360 1187 1472 1277 unde
1483 1188 1608 1303 hujus
1620 1220 1717 1309 pro-

344 1337 536 1430 blematis
551 1332 792 1424 solutionem
802 1334 846 1418 in
858 1329 897 1447 gl.
914 1334 1009 1445 761.
1024 1329 1079 1418 acl
1089 1331 1216 1419 linem
1227 1334 1454 1450 perducere
1469 1368 1554 1425 non
1569 1345 1716 1457 potuit.

210 1519 216 1531 ·
251 1590 259 1601 ,
344 1484 495 1580 Postea
508 1510 611 1573 vero
636 1486 808 1572 artificia
832 1483 989 1569 invenit
1013 1478 1333 1594 ingeniofiffima,
1356 1514 1537 1602 quorum
1551 1518 1631 1606 ope
1644 1490 1717 1578 ha·
1757 1499 1761 1506 '

343 1660 440 1722 rum
455 1636 751 1748 aequationum
764 1598 984 1741 integratio
999 1623 1152 1715 absolvi
1166 1650 1350 1744 poterat,
1388 1662 1521 1753 eaque
1545 1642 1589 1727 in
1606 1638 1716 1757 Sup-

344 1782 556 1902 plemento
569 1783 613 1867 in
628 1779 710 1866 fine
725 1774 887 1888 adjecto
902 1770 1112 1886 explicata
1126 1770 1330 1890 leguntur·
1426 1841 1431 1849 ,

445 1928 658 2047 Expofitis
671 1927 747 2034 fic,
776 1950 885 2039 quae
906 1921 1148 2011 admotum
1174 1956 1399 2044 corporum
1416 1934 1645 2052 rigidorum
1667 1941 1715 2031 li.
1738 1974 1752 1983 ·

341 2085 503 2191 berum,
531 2076 703 2165 remotis
720 2073 876 2183 viribus
891 2073 1091 2191 externis,
1100 2076 1318 2189 pertinent,
1349 2082 1455 2169 ordo
1467 2086 1712 2202 postulabat,

340 2252 390 2323 ut
396 2229 597 2350 principia
608 2221 728 2337 supra
739 2216 911 2311 stabilita
928 2219 982 2306 ad
998 2246 1072 2307 eos
1085 2219 1380 2336 quoquecasus
1394 2228 1712 2350 applicarentur,

237 2454 239 2460 ,
340 2381 494 2501 quibus
508 2380 621 2468 vires
636 2392 838 2461 externae
862 2397 1014 2489 corpus
1035 2365 1293 2459 sollicitantes
1316 2374 1407 2486 ejus
1430 2400 1596 2472 motum
1619 2390 1726 2503 per:

294 2584 299 2594 -
338 2531 521 2620 turbant
605 2521 750 2613 Primo
778 2525 919 2638 itaque
939 2515 1200 2607 mannaan
1221 2515 1344 2635 elegit
1373 2549 1481 2614 cun.
1498 2554 1713 2625 Avcroa·

175 2670 186 2681 ’
338 2680 544 2769 theoriam
560 2676 794 2784 turbinum,
824 2672 942 2783 cujus
959 2663 1186 2782 explicatio
1198 2670 1252 2754 ob
1269 2662 1509 2763 continuam
1525 2686 1621 2771 axis
1633 2712 1712 2800 gy·

162 2824 173 2840 ‘
337 2827 510 2917 rationis
525 2825 801 2911 variationem
819 2819 957 2907 adhuc
980 2818 1180 2904 maximis
1199 2821 1379 2907 tenebris
1406 2823 1486 2913 fuit
1506 2828 1708 2923 involuta

173 3018 175 3023 .
336 2972 470 3087 Quod
478 2989 770 3084 argumentum
781 2989 829 3055 ut
843 2970 997 3054 initioa
1009 2967 1270 3079 gravioribus
1280 2965 1590 3069 difficultatibus
1604 2976 1707 3067 libe·

201 3190 204 3200 .
336 3143 473 3233 retur,
503 3122 597 3207 axis
613 3116 786 3203 turbinis
805 3116 921 3234 super
933 3115 1059 3233 plano
1079 3110 1325 3205 horizontali
1345 3119 1577 3236 politiffimo
1597 3130 1709 3217 ince-

336 3271 437 3362 dere
455 3267 684 3375 affumitun
714 3293 767 3351 ne
782 3238 959 3353 lrilboni
974 3260 1082 3351 ullus
1096 3259 1214 3350 locus
1229 3252 1497 3384 relinquatur,
1526 3296 1617 3361 tum
1632 3305 1708 3366 ve-

335 3450 386 3511 ro
403 3422 500 3508 axis
514 3417 622 3503 infra
638 3419 681 3500 in
698 3412 906 3529 cuspidem
919 3411 1104 3501 desinens
1117 3411 1322 3526 statuitru,
1354 3446 1438 3534 qua
1452 3417 1568 3535 super
1581 3419 1707 3538 plano

336 3562 587 3657 horizontali
616 3559 878 3675 ingrediatur.
946 3672 950 3683 Ι
973 3558 1167 3677 Cumque
1204 3561 1288 3651 duo
1310 3591 1465 3680 genera
1493 3571 1706 3665 turbinum

337 3708 621 3804 constituenda
647 3710 744 3820 sint,
785 3730 910 3828 prout
932 3706 1002 3799 vel
1019 3712 1163 3797 omnia
1182 3712 1273 3823 ejus
1296 3734 1512 3804 momenta
1534 3718 1706 3809 inertiae
1754 3738 1758 3745 '

177 3838 179 3843 ⁵
333 3856 573 3983 principalia
587 3857 739 3949 fuerint
755 3863 862 3949 inter
876 3858 915 3947 se
931 3856 1142 3975 aequalia,
1171 3857 1242 3950 vel
1257 3854 1342 3947 duo
1356 3858 1583 3967 duntaxat;
1603 3868 1706 3961 illud

333 4040 465 4132 genus
479 3988 615 4130 primo
630 4008 725 4099 loco
738 4008 841 4127 Cap.
850 4004 972 4098 xlv.
988 4002 1150 4093 calculo
1163 4005 1380 4121 subjicitur.
1438 4011 1615 4103 Inventa
1628 4023 1705 4107 ita.

143 4138 147 4145 ’
330 4186 415 4279 que
426 4163 561 4276 primo
575 4162 646 4252 via
661 4191 687 4248 a
703 4176 849 4246 centro
867 4159 1040 4290 inertiae
1053 4157 1228 4244 turbinis
1254 4156 1472 4276 descripta,
1512 4162 1706 4257 determi.

148 4366 150 4371 ·
193 4417 200 4430 ,
296 4334 430 4403 nata
438 4304 833 4429 insuperlecundum
846 4301 1172 4430 principiasupra
1184 4304 1358 4397 stabilita
1370 4312 1599 4401 variatione
1613 4342 1706 4405 mo·

1480 4485 1703 4555 meditanda
