4092 5134
526 426 603 543 27⁶
751 408 950 507 catur
969 403 1042 505 ru
1116 399 1197 495 aa
1226 394 1412 493 uoru
1438 394 1637 495 arnano

1058 598 1143 673 θλ
1168 598 1196 671 0
1223 596 1305 670 LL
1377 645 1389 672 .

630 709 705 794 687.
731 701 857 803 Quodsi
873 603 1077 800 rate'corllus
1090 703 1179 771 circa
1195 695 1321 768 redlam
1334 616 1485 796 qbamvir
1498 693 1731 792 per'centrnm
1743 692 1882 770 inertiae

531 800 753 879 transeuntem
771 811 937 905 acceperit
958 821 1092 873 motum
1117 802 1349 899 gyratorium,
1372 822 1451 867 eum
1466 794 1510 867 ob
1528 789 1620 869 suam
1634 800 1793 871 inertiam
1805 822 1882 897 per.

531 926 636 1006 petuo
652 901 860 981 conservabit
879 962 892 1006 ,
918 921 955 977 ut
970 898 1121 1006 catella
1144 916 1284 1001 maneat*
1300 902 1464 999 immota3
1497 893 1561 973 nisi
1575 898 1757 1005 ‘atritibur
1773 919 1882 979 exter·

533 1013 585 1082 uir
606 1006 834 1112 perturlietur.
911 1042 913 1046 ·

1006 1156 1331 1236 SCHOLlON.
1383 1160 1408 1229 ιζ

530 1372 532 1377 .
632 1313 711 1391 688.
740 1308 823 1380 Dari
839 1305 1033 1401 hujusmodi
1052 1333 1113 1380 cor
1137 1332 1222 1393 ora,
1248 1331 1397 1408 quorum
1413 1323 1586 1376 momenta
1600 1299 1752 1403 respet‘lu
1772 1307 1884 1379 axium

529 1392 764 1509 principalitati
777 1407 841 1479 fint
856 1414 945 1481 iuter
961 1405 994 1481 se
1009 1333 1181 1511 aequala,
1210 1433 1253 1481 eo
1269 1412 1379 1480 miratae
1395 1402 1546 1477 dubitare
1561 1404 1664 1487 licet,
1683 1428 1764 1477 curn
1779 1411 1815 1477 in
1830 1400 1884 1479 su·

530 1512 719 1612 perioribus
736 1567 746 1597 ,
775 1509 832 1581 ubi
847 1514 993 1610 corpora
1005 1514 1222 1609 homogenea
1235 1504 1348 1581 sumus
1363 1504 1579 1604 contemplati
1594 1562 1604 1593 ‚
1629 1504 1740 1603 plures
1753 1502 1884 1608 'corpo

531 1636 610 1684 rum
630 1606 651 1684 s
668 1614 754 1683 ecies
769 1612 831 1682 lrae
845 1617 1051 1709 proprietate
1067 1610 1250 1711 gaudentes
1265 1606 1545 1710 allignaue'rimur.
1607 1610 1699 1680 luter
1720 1634 1803 1711 quar
1815 1614 1884 1709 pri·

532 1738 630 1787 mmn
644 1636 758 1785 locum
774 1718 865 1784 tenet
879 1710 998 1813 globur
1013 1736 1054 1785 ex
1067 1718 1207 1784 materia
1218 1713 1433 1810 homogenea
1444 1703 1636 1795 confetlue,
1650 1726 1723 1781 tum
1740 1720 1825 1783 ve'ro
1841 1736 1884 1784 eo

533 1808 712 1887 referenda
725 1807 800 1885 suut
820 1838 965 1911 corpora
979 1823 1127 1915 quinque
1143 1811 1307 1914 regularia
1322 1842 1334 1903 ς
1359 1834 1465 1910 porro
1478 1814 1578 1882 etiam
1591 1805 1713 1883 dantur
1724 1808 1884 1904 cylindri,

535 1919 614 1987 coni
629 1934 662 1987 et
678 1917 756 1986 coni
774 1920 938 2001 truncati,
963 1922 1021 2015 qui
1036 1911 1154 1989 eadem
1174 1919 1379 2013 proprietate
1394 1906 1477 2000 l'rrirt
1500 1908 1655 2009 praediti.
1720 1916 1836 2007 Atque
1847 1918 1882 1985 in

534 2042 660 2117 genere
678 2012 862 2112 sacorpora
878 2040 950 2086 non
970 2016 1123 2089 coallent
1140 2041 1182 2089 ex
1195 2021 1336 2086 materia
1355 2016 1594 2111 bonrogenea,
1623 2014 1881 2087 innumerabilia

534 2117 684 2188 exhiberi
706 2134 865 2214 poterunt
884 2140 1008 2216 genera
1030 2121 1172 2213 cujusvis
1199 2113 1354 2217 figurae,
1390 2120 1427 2186 in
1451 2113 1569 2215 quibua
1592 2112 1772 2213 aequalitas
1792 2120 1881 2189 iuter

531 2234 706 2290 momenta
720 2221 858 2289 inertiae
874 2211 1026 2316 respedlu
1039 2224 1152 2291 axium
1166 2216 1403 2319 principalium
1422 2214 1537 2287 locum
1554 2213 1714 2293 obtineat.
1768 2220 1882 2323 Atque

533 2316 576 2391 de
590 2314 785 2411 hujusmodi
802 2344 863 2392 cor
928 2320 1000 2391 ibus
1017 2336 1146 2395 tannim
1160 2322 1196 2392 in
1214 2320 1282 2393 boe
1295 2324 1403 2421 capite
1426 2334 1542 2419 agetur
1558 2375 1569 2408 ‚
1591 2322 1808 2419 (mutuaque,
1826 2346 1883 2395 cn·

532 2424 583 2513 jue
608 2413 684 2490 sunt
710 2423 838 2519 capacia
861 2344 942 2491 dalla
963 2446 981 2491 a
1003 2420 1102 2493 nullis
1128 2421 1255 2493 viribus
1276 2424 1423 2493 externis
1447 2445 1487 2491 ur
1511 2438 1644 2507 entur,
1688 2412 1880 2499 definietur.

531 2520 714 2591 Charaeta
728 2546 813 2623 ergo
826 2515 1001 2595 effentialis
1016 2518 1210 2617 hujusmodi
1226 2537 1414 2624 corporum
1434 2526 1470 2593 ia
1484 2444 1554 2593 boc
1567 2518 1718 2602 [consistit
1733 2548 1744 2595 e
1765 2543 1806 2597 ut
1817 2550 1880 2625 po·

405 2668 409 2675 ‚
532 2618 601 2693 fitis
619 2626 721 2694 ternis
739 2617 942 2695 coordinatis
961 2623 1241 2729 orthogonalibns
1259 2650 1307 2713 x,
1330 2650 1381 2716 y,
1406 2649 1429 2695 z
1442 2616 1485 2695 ad
1499 2639 1655 2695 centrum
1673 2627 1815 2699 inertiae
1828 2650 1881 2699 re·

533 2719 605 2792 latis
620 2727 730 2820 primo
749 2722 788 2796 fit
805 2742 841 2794 ut
860 2730 922 2812 jam
939 2730 1129 2798 notavimus
1142 2724 1277 2825 sxydM
1294 2721 1478 2824 :lxsz
1497 2724 1678 2821 :17sz
1698 2756 1740 2793 =
1760 2750 1785 2797 o
1805 2744 1880 2799 tum

533 2847 618 2895 vero
631 2823 763 2913 [xxdlvl
775 2859 814 2893 ·.-
833 2824 957 2920 syydat
980 2827 1169 2922 :szzdbl
1219 2828 1341 2915 Sicque
1364 2842 1577 2897 momentum
1606 2829 1745 2899 inertiae
1766 2824 1880 2929 respe-

535 2923 591 2995 (lu
613 2930 679 2994 axis
695 2931 920 3024 cujuscunque
939 2952 998 3025 per
1017 2947 1171 2999 centrum
1184 2932 1325 2999 inertiae
1348 2922 1439 2997 dadis
1455 2930 1571 2997 erit:
1585 2926 1743 3015 asrede.
1761 2916 1768 2927 ⁸
1799 2934 1880 3003 Hoc

432 3098 437 3105 ,
535 3029 674 3095 criterio
690 3022 779 3123 quali
797 3030 944 3123 primum
960 3054 1144 3128 corporum
1160 3054 1265 3131 genus
1287 3027 1517 3115 constituitur,
1541 3046 1640 3127 atque
1659 3033 1695 3100 iu
1711 3036 1880 3133 cognitio·

536 3149 580 3195 ne
602 3128 795 3197 mechanica
820 3134 960 3201 nomine
980 3153 1140 3232 corporum
1163 3132 1359 3230 regularium
1382 3124 1563 3203 commode
1590 3124 1741 3230 insigniri
1758 3127 1879 3235 posset,

536 3251 613 3296 cum
636 3252 754 3300 omnes
770 3224 866 3328 plane
884 3230 993 3305 ret‘lae
1011 3258 1075 3333 per
1098 3236 1411 3333 centrumssinertiae
1433 3226 1551 3305 dudlae
1574 3235 1648 3331 pari
1670 3241 1881 3337 proprietate

534 3324 598 3404 fint
618 3328 801 3430 praeditae.

1003 3490 1027 3559 S
1042 3481 1227 3558 CHOLI
1241 3484 1267 3557 0
1283 3486 1325 3557 N.
1381 3504 1413 3555 2.

634 3635 709 3722 689.
737 3631 805 3707 Etfi
829 3640 862 3707 in
883 3636 951 3708 hoc
981 3636 1088 3735 capite
1112 3634 1256 3705 tautum¹
1271 3628 1314 3705 de
1329 3626 1432 3705 ‘motu
1460 3660 1645 3736 corpomm
1667 3634 1882 3711 ternot'axer

535 3732 734 3832 principales
754 3762 847 3833 pares
861 3738 1053 3809 habentium
1071 3732 1228 3837 tanquam
1242 3729 1285 3807 de
1299 3729 1373 3805 casu
1389 3732 1449 3819 lim
1474 3737 1626 3811 licilsuno
1643 3738 1785 3813 tradlare
1799 3765 1884 3813 con·

537 3832 650 3923 ilitui3
677 3852 788 3909 taurea
812 3866 829 3909 a
850 3842 1077 3938 proprietate,
1113 3862 1199 3935 quae
1220 3840 1321 3907 etiam
1345 3832 1385 3907 ad
1408 3765 1536 3942 reliqua
1558 3862 1741 3939 corporum
1756 3866 1885 3942 genera

535 3951 673 4031 pareat,
701 3936 848 4011 exordiri
863 3942 1052 4016 conveniet.
1119 3934 1255 4010 Scilicet
1274 3940 1585 4043 quomodocunque
1604 3946 1758 4041 corporIs
1779 3949 1808 4013 ri
1837 3941 1883 4014 idi

535 4051 649 4105 motus
661 4031 765 4110 luerit
778 4041 1003 4138 perturbatur,
1030 4043 1057 4109 ir
1077 4031 1208 4139 semper
1218 4064 1283 4138 pro
1299 4046 1419 4139 quovis
1436 4050 1597 4140 temporis
1611 4042 1737 4139 pund'lo
1755 3969 1882 4116 reldlai

535 4136 641 4235 potesl
655 4141 690 4207 in
714 4140 810 4212 binos
833 4159 970 4226 motus,
996 4164 1142 4241 quorum
1168 4138 1253 4213 alter
1274 4137 1315 4213 srt
1339 4140 1561 4243 progressum
1584 4141 1667 4215 alter
1687 4136 1882 4243 gyratorius

535 4242 622 4309 circa
640 4244 831 4338 quempiam
845 4268 940 4314 axem
953 4266 1014 4337 per
1029 4260 1184 4313 centrum
1206 4246 1345 4315 inertiae
1369 4241 1515 4314 dudlum.
1574 4246 1667 4346 Qrae
1690 4244 1881 4345 propositio

534 4364 612 4409 cum
629 4336 883 4414 fundamentum
899 4360 1007 4413 motus
1023 4348 1178 4415 omnium
1194 4369 1379 4441 corporum
1393 4344 1582 4443 rigidorum
1599 4350 1787 4435 contiueat,
1810 4340 1881 4441 ejus

532 4434 855 4521 demonstrationem
869 4440 1079 4547 insequente
1096 4444 1330 4519 Theoremate
1348 4440 1523 4520 tradamus.

1707 4548 1882 4623 THEO.
