4092 5134
542 392 597 545 4⁶
914 408 917 415 ’
1039 359 1280 512 catur.
1312 422 1388 513 m.
1493 430 1514 471 ··

425 620 430 631 ’
454 684 456 689 .
542 614 635 692 suam
659 613 751 719 quast
775 609 997 689 substantiam
1005 615 1243 709 permitteret,
1266 609 1362 682 'nihil
1387 628 1478 684 certe
1501 612 1663 699 obstaret,
1688 638 1757 713 quo
1779 619 1902 688 minue‘

469 737 474 754 “
542 747 663 821 corpus
681 723 854 790 Amorum
871 708 965 784 suum
979 709 1257 814 prosequeretur,
1284 737 1474 814 corpusque
1495 706 1520 784 ll
1543 721 1578 788 in
1604 721 1717 815 quiete
1741 714 1891 814 persiste·

539 843 611 910 ret,
635 825 746 922 sieque
769 836 950 914 utrumqne
970 819 1111 886 inertiae
1128 815 1384 912 obtemperaret.
1442 812 1548 887 Causa
1570 842 1653 916 ergo
1674 820 1798 887 virium
1817 814 1890 887 illa·

536 951 634 1011 rum,
659 919 776 1023 quibus
799 914 897 987 slatus
919 940 1104 1013 corporum
1130 934 1297 1002 mutatur,
1321 921 1451 989 nonin
1474 912 1543 989 sola
1566 923 1705 1012 inertia,
1727 913 1784 989 sed
1800 923 1890 990 iner-

481 1102 484 1107 ,
536 1030 582 1096 tia
600 1051 678 1096 cnm
704 1016 1016 1118 impenetrabilitate
1041 1017 1219 1112 eonjunsla
1243 1018 1289 1089 est
1315 1017 1555 1098 constituenda.
1614 1021 1785 1117 Quoniam
1807 1045 1891 1093 vero

475 1204 480 1212 ,
537 1120 833 1231 impenetrabiliter
856 1117 988 1205 nonnisi
1012 1115 1054 1191 de
1078 1130 1137 1190 eor
1163 1120 1275 1217 oribus
1300 1118 1484 1219 praedicari
1507 1120 1633 1219 potest,
1666 1146 1810 1217 corpora
1832 1147 1891 1192 au·

461 1267 468 1284 ·
539 1254 608 1305 tem
627 1216 809 1300 necessario
825 1226 944 1293 inertia
962 1215 1035 1289 sunt
1049 1147 1215 1318 praedita,
1241 1220 1536 1320 impenetrabiliter
1550 1249 1608 1320 ptr
1626 1219 1657 1294 se
1671 1228 1826 1295 inertiam
1839 1228 1892 1295 iu·

539 1332 669 1416 voluit,
699 1332 746 1413 ita¹
775 1341 812 1394 ut
847 1320 1140 1419 impenetrabilitas
1180 1317 1249 1391 sola
1287 1323 1377 1403 ret‘le
1414 1348 1479 1418 pro
1517 1320 1613 1396 fonte
1653 1329 1809 1395 omnium
1851 1310 1893 1395 il-

482 1420 507 1517 ,¹
539 1435 648 1506 lurmn
664 1433 806 1512 uirium,
833 1424 953 1523 quibus
970 1420 1065 1494 status
1087 1448 1273 1527 corporum
1295 1442 1462 1509 mutatur,
1490 1426 1659 1498 habeatur.
1710 1426 1806 1495 Hauc
1827 1429 1891 1525 igi·
1921 1502 1934 1516 ¹

424 1580 449 1595 .
539 1557 594 1609 rur
610 1552 793 1630 corporum
809 1529 1060 1623 proprietatem,
1080 1543 1236 1625 tauquam
1254 1529 1422 1625 originem
1438 1534 1592 1599 omnium
1609 1531 1743 1614 virium,
1758 1550 1900 1619 accurat-¹

500 1726 504 1739 ¹
538 1644 601 1710 tius
615 1624 822 1736 perpendere
842 1628 1029 1697 conveniet

1009 1777 1425 1860 uerrutrton.
1496 1765 1500 1772 '
1571 1728 1577 1751 ⁸

640 1958 702 2027 ¹23·
728 1924 1012 2031 impenetrabiliter
1025 1924 1072 1998 eli
1089 1953 1126 1999 ea
1143 1949 1328 2023 corporum
1344 1929 1549 2024 proprietas,
1574 1949 1639 2023 qua
1661 1920 1744 1998 duo'
1752 1924 1901 2024 plurave

539 2061 685 2139 corpora
702 2038 736 2102 in
752 2025 874 2101 eodem
889 2026 967 2099 loco
982 2022 1085 2099 inesse
1108 2045 1297 2128 nequeunt,
1328 2044 1424 2125 atque
1449 2023 1532 2098 adeo
1553 2026 1594 2097 ad
1614 2031 1753 2099 minima
1768 2053 1894 2127 corpo·

538 2167 615 2216 rum
632 2135 798 2209 elementa
815 2128 1024 2226 extenditur,
1054 2135 1097 2200 ita
1111 2150 1148 2203 ut
1163 2153 1215 2230 ne·
1224 2126 1293 2199 duo
1306 2128 1444 2231 quidem
1462 2127 1627 2201 elementa
1643 2134 1680 2200 in
1701 2127 1822 2203 eodem
1841 2129 1895 2202 lo·

539 2268 581 2319 co
598 2237 737 2318 exiliere
752 2228 887 2336 possint.

970 2452 972 2459 .
1052 2342 1293 2463 'ennom
1319 2404 1346 2463 ι.

645 2564 717 2638 124·
742 2540 805 2610 Per
822 2537 908 2606 hane
925 2556 1010 2631 ergo
1025 2537 1268 2630 proprietatem
1283 2535 1396 2603 omnia
1418 2553 1564 2628 corpora
1581 2548 1671 2603 extra
1693 2525 1726 2601 se
1744 2533 1895 2607 inuicem

540 2647 678 2725 exiliant
694 2632 822 2721 neeesse
838 2636 901 2726 est,
926 2660 1004 2707 cum
1018 2659 1062 2706 ne
1079 2637 1229 2705 minimis
1242 2630 1381 2734 quidem
1398 2632 1546 2733 partibus
1572 2638 1607 2704 in
1622 2628 1818 2734 seinvicem
1833 2660 1895 2735 pe·

540 2774 675 2826 netrare
688 2739 819 2846 pollmt.
836 2816 841 2826 ¹

1085 2884 1292 2962 COROLL.
1327 2901 1364 2962 a.

646 3071 708 3140 ης.
735 3046 821 3116 Cum
836 3033 1131 3139 impenetrabiliter
1146 3034 1186 3107 stt
1202 3036 1388 3133 proprietas
1405 3056 1589 3135 corporum
1604 3029 1794 3135 necessaria,
1817 3036 1896 3109 nrss·

544 3150 575 3225 la
593 3156 642 3223 uis
656 3142 792 3249 prorsus
807 3142 915 3227 datur,
945 3165 1030 3240 quae
1047 3135 1155 3207 valeat
1178 3133 1246 3207 duo
1272 3159 1417 3233 corpora
1438 3142 1473 3207 in
1497 3132 1641 3208 eundem
1665 3134 1778 3211 iocum
1802 3164 1899 3211 com·

543 3260 700 3358 pingere,
730 3266 828 3347 atque
843 3246 988 3314 maxima
1003 3245 1051 3311 vis
1067 3237 1124 3308 tali
1140 3231 1272 3309 effectui
1286 3233 1510 3335 producendo
1526 3262 1638 3339 ‚aeque
1657 3240 1711 3338 ¹eli
1725 3246 1844 3341 ⁸impar
1854 3267 1900 3342 ae

542 3362 692 3434 nmtitua.
1390 3436 1393 3441 Ι

543 3446 547 3454 ’
1066 3491 1313 3564 eonorr.
1346 3510 1380 3583 3.

643 3658 710 3734 126.
735 3646 1055 3750 Quomodocunque
1080 3667 1163 3742 ergo
1187 3639 1284 3711 slatus
1315 3666 1500 3740 corporum
1520 3667 1537 3713 e
1561 3643 1685 3716 viribus
1701 3659 1899 3736 mutentur,

543 3779 659 3833 tamen
679 3777 850 3854 nunquam
868 3755 1003 3823 evenire
1018 3745 1142 3845 potesl,
1169 3760 1206 3812 ut
1219 3739 1259 3812 ab
1273 3747 1313 3813 iis
1331 3740 1583 3846 duoelementa
1601 3741 1658 3819 seu
1680 3746 1802 3848 prinda
1815 3774 1900 3823 eor·

543 3886 655 3963 porea¹
664 3864 701 3932 in
716 3853 861 3930 eundem
878 3851 1279 3946 locunleompingantur.

1027 4000 1246 4079 exterra
1261 4000 1355 4071 Tro.
1388 4022 1415 4077 t.

487 4242 490 4249 ,
643 4187 710 4256 ¹27·
732 4163 911 4260 Perperam
925 4172 1044 4228 eontra
1060 4155 1147 4224 hanc
1162 4145 1354 4250 generalem
1374 4147 1567 4246 eorporum'
1580 4155 1826 4251 proprietatem
1843 4149 1901 4222 ad-

544 4266 714 4341 ducuntur
728 4257 891 4365 quaedem
911 4252 1159 4357 experimenta,
1182 4247 1301 4419 puibus
1319 4272 1464 4345 corpora
1489 4244 1523 4321 se
1546 4256 1694 4324 invicem
1719 4271 1901 4349 penetrare

404 4395 412 4414 ³
509 4398 511 4403 ·
542 4368 701 4443 videntur
716 4384 750 4435 et
765 4362 933 4433 dicuntur.
983 4356 1120 4427 Dieitur
1143 4347 1188 4421 sci
1204 4354 1270 4419 ieet
1282 4346 1408 4523 plebat
1434 4344 1586 4449 explosus
1607 4358 1643 4425 in
1663 4354 1815 4456 argillam
1838 4381 1899 4457 pe·
1913 4366 1922 4387 ’·

481 4515 491 4525 ..
542 4490 696 4553 uerrere,
722 4459 851 4537 sedhic
867 4458 925 4533 itta
940 4472 1185 4560 voxprnftrarr
1202 4447 1268 4523 aiio
1297 4443 1378 4523 ensu
1392 4455 1572 4554 accipitur:
1602 4454 1695 4532 nulle
1714 4462 1805 4532 enim
1819 4482 1901 4635 papus
1926 4530 1933 4541 ,

1031 4594 1037 4599 .
1801 4584 1862 4658 go
