4092 5134
351 422 432 514 DE
460 424 671 517 MOTUS
692 424 1007 519 GYRATORll
1024 428 1464 540 GENERATIONE,
1532 464 1590 553 ¹5¹

613 614 907 697 ussa-mm,

384 669 575 740 vlsooz
621 703 917 808 π,
945 673 1351 793 vistai-T.-

385 885 435 952 uis
457 878 516 950 0oe
541 910 581 950 =
611 823 906 1019 νίίῗνῖέἔως
929 890 979 958 uit
994 830 1355 1021 Itum.

307 1066 323 1113 u
338 1044 444 1141 igitur
461 1039 528 1109 hoc
542 1035 640 1135 pallo
654 1062 772 1111 omnen
792 1043 908 1129 viret,
957 1068 1012 1114 uas
1027 1046 1095 1114 axis
1111 1012 1268 1131 sustinet,
1296 1039 1337 1114 ed
1360 1041 1481 1143 puntla
1498 1042 1581 1116 O'et

307 1148 404 1217 ierint
419 1136 625 1240 perdundae,
651 1140 691 1211 ab
707 1141 760 1213 bie
781 1068 959 1233 junilliml

307 1244 445 1319 abuntur
454 1271 465 1333 3
486 1265 589 1341 quare
606 1265 644 1314 ea
660 1266 679 1313 a
696 1238 821 1315 viribus
838 1249 1016 1318 contrariis
1033 1264 1262 1333 coerceantur,
1279 1240 1408 1319 necesse
1427 1244 1482 1317 est.

748 1412 1007 1487 conoul.
1048 1438 1074 1483 1.

331 1545 410 1635 386.
436 1538 563 1611 Omnes
581 1534 659 1611 illae
682 1540 771 1609 vires
791 1540 845 1610 axi
869 1544 906 1611 in
928 1537 1059 1639 punitio
1082 1538 1116 1610 0
1136 1552 1171 1610 et
1193 1536 1413 1639 Aapplieatae
1428 1532 1524 1610 fimul
1537 1530 1579 1607 ad

307 1638 417 1717 nsunt
430 1636 625 1727 normales,
650 1634 711 1710 nili
725 1630 884 1711 affuerint
905 1644 993 1714 vireo
1022 1643 1074 1712 axi
1098 1637 1303 1739 parallelae,
1336 1636 1425 1714 unde
1447 1652 1578 1741 praeter

307 1744 400 1821 ualet
414 1745 483 1816 axia
497 1745 599 1817 etiam
614 1734 798 1814 secundum
816 1734 908 1813 suam
927 1738 1176 1846 longitudinem
1191 1758 1341 1844 urgetur.

740 1905 986 1983 conoul„
1035 1930 1063 1980 a.

331 2051 402 2133 387.
428 2036 655 2134 Quotcunque
669 2048 782 2105 autem
797 2036 885 2103 viret
901 2036 1037 2133 utrique
1063 2032 1210 2104 termino
1233 2033 1322 2105 O'et
1347 2036 1377 2106 A
1399 2030 1578 2133 applicatae

307 2148 470 2227 niumm,
492 2160 556 2237 pro
571 2132 866 2234 utroque-curtim
881 2128 922 2205 ad
945 2157 1046 2205 unam
1066 2158 1228 2206 revocare
1252 2132 1353 2223 licet,
1378 2160 1479 2236 quam
1498 2162 1579 2235 pro·

309 2244 426 2318 eaaxie
443 2244 479 2313 in
496 2264 539 2311 eo
576 2254 678 2310 uncto
695 2229 890 2310 sustinebit:
920 2258 1006 2337 quae
1029 2238 1117 2308 viret
1139 2239 1175 2307 in
1189 2237 1229 2336 ‚0
1252 2252 1286 2308 et
1308 2239 1362 2337 n,
1386 2234 1449 2311 nisu
1462 2262 1579 2309 evane-

307 2366 349 2434 .t,
372 2347 440 2418 artis
457 2362 526 2415 non
544 2262 665 2441 lbonte
679 2340 717 2409 in
733 2332 797 2421 litu
811 2332 872 2408 luo
888 2336 1109 2441 permanebit.
1303 2324 1309 2343 ⁸

777 2490 989 2587 eunoun.
1009 2512 1039 2577 ³·

332 2664 404 2741 388.
429 2648 463 2719 Si
483 2640 593 2717 nullae
607 2635 713 2729 adlint
728 2644 817 2713 viret
843 2642 894 2710 axi
918 2636 1094 2737 parallelae
1110 2638 1126 2727 ',
1166 2637 1581 2742 axis'etinm'nequaqumn

308 2747 417 2823 ndum
439 2743 531 2815 sunm
548 2735 794 2839 longitudinem
807 2756 970 2839 urgetur,
1007 2734 1121 2812 sedin
1145 2747 1274 2838 punctis
1298 2744 1330 2811 Ο
1355 2747 1434 2814 etA
1456 2743 1578 2813 viribus

307 2877 366 2922 nm
380 2844 421 2915 ad
435 2868 531 2915 axem
542 2835 747 2911 normalibus
762 2844 827 2913 erit
840 2836 1057 2917 refissendum
1073 2894 1086 2930 ,
1114 2838 1202 2917 unde
1223 2836 1362 2916 sufficiet
1381 2869 1475 2917 axem
1491 2846 1578 2915 intro

307 2978 317 3023 e
339 2943 481 3020 annulos
502 2941 588 3017 liuor
603 2932 816 3041 suspendiise.

652 3186 657 3199 ¹
742 3108 812 3184 SC
819 3108 860 3182 Η
870 3112 935 3191 ,Ob
950 3114 969 3184 l
982 3112 1008 3185 0
1027 3117 1069 3187 N.

330 3259 407 3335 389,
436 3236 504 3309 Hic
516 3252 629 3308 nauem
642 3226 795 3321 nondum
807 3228 930 3305 modos
945 3288 957 3318 ,
978 3233 1096 3334 quibus
1112 3240 1179 3306 axis
1195 3238 1231 3306 in
1253 3232 1371 3338 quiete
1380 3230 1577 3309 'conservari

307 3362 344 3434 t,
368 3338 533 3439 explicare
550 3335 640 3423 iicet,
655 3338 818 3437 quoniam
833 3340 868 3407 in
883 3339 976 3435 praxi
992 3360 1067 3407 axes
1091 3360 1275 3437 corporum
1292 3337 1475 3409 notabilem
1491 3332 1576 3409 cras·
1606 3323 1612 3333 ’

307 3474 340 3520 m
355 3442 502 3528 habent,
525 3442 570 3510 ita
586 3456 624 3511 ut
636 3430 790 3537 supenlio
803 3460 875 3507 non
892 3430 933 3511 ad
954 3458 1050 3508 axem
1065 3435 1251 3527 linearem,
1276 3438 1411 3541 qualem
1431 3441 1487 3511 hie
1507 3438 1577 3540 {po-

307 3571 405 3633 uuus,
429 3536 594 3615 reseratur
610 3566 620 3613 ε
641 3534 944 3639 q'uarefavendum
961 3536 1017 3625 eil,
1031 3564 1074 3609 ne
1091 3564 1144 3626 ea,
1168 3566 1252 3642 quae
1270 3544 1325 3612 hic
1344 3538 1459 3614 deme
1474 3538 1576 3612 linea·

307 3664 348 3721 nt
362 3641 611 3739 demonstrata,
636 3657 764 3711 temere
778 3635 818 3708 ad
832 3642 951 3741 'quovis
966 3662 1041 3712 axes
1058 3635 1178 3712 crassos
1198 3641 1428 3715 extendantur.
1503 3644 1577 3714 Te·

308 3773 447 3847 mergo
462 3746 518 3817 hic
533 3759 710 3843 perpetuo,
725 3766 821 3811 axem
838 3740 934 3811 nobis
966 3734 1032 3813 effe
1050 3742 1172 3813 lineam
1194 3760 1339 3837 rectam,
1379 3769 1464 3843 quae
1479 3763 1577 3817 moto

307 3876 377 3924 tore
393 3841 463 3947 iplu
478 3870 549 3918 uon
563 3860 767 3938 mouentur,
794 3836 980 3937 cujusmodi
1001 3863 1114 3916 motus
1135 3843 1310 3940 existeret,
1332 3842 1358 3917 fi
1382 3871 1514 3943 corpus·
1527 3848 1577 3918 in·

307 3952 376 4025 luas
391 3943 540 4048 cuspides
557 3950 790 4016 contineretur
806 3999 818 4039 ‚
843 3948 931 4014 circa
946 3968 1027 4042 quas
1041 3964 1152 4016 tamen
1168 3946 1340 4019 liberrime
1365 3945 1433 4018 fine
1446 3942 1577 4018 srictio·

308 4051 422 4129 evolvi
439 4043 556 4147 pollet.
622 4047 680 4117 Sin
699 4062 811 4116 autem
833 4041 914 4115 adfit
937 4050 1001 4117 unit
1023 4045 1203 4122 materialia
1221 4104 1232 4135 ,
1258 4048 1362 4151 qualis
1380 4052 1464 4123 rotis
1487 4044 1577 4148 affigi

307 4178 336 4243 t,
361 4158 456 4252 isque
475 4149 528 4221 vel
542 4146 643 4248 plano
661 4143 716 4218 uel
731 4151 861 4217 caritati
876 4148 1062 4235 incumbat,
1089 4156 1159 4242 ejus
1177 4166 1289 4223 motus
1306 4156 1421 4251 utique
1436 4156 1471 4221 in
1482 4176 1576 4221 com·

307 4284 347 4329 uu
362 4259 475 4326 veniat
488 4242 616 4323 neceffe
633 4248 705 4334 eu,
735 4273 844 4346 neque
861 4266 933 4319 tum
946 4242 1044 4320 facile
1060 4255 1123 4321 erit
1140 4248 1261 4325 lineum
1278 4251 1388 4340 illam,
1409 4277 1493 4352 quae
1513 4246 1574 4321 dn·

307 4388 323 4433 e
347 4374 444 4429 motu
465 4356 616 4451 corporis
638 4345 705 4450 ipsa
730 4369 862 4422 maneat
883 4355 1053 4449 immota,
1088 4350 1257 4532 nlltfnare.
1331 4358 1575 4425 Verumtamen

1149 4479 1246 4530 ermo
1266 4452 1348 4541 est,
1381 4448 1469 4527 haud
1488 4444 1575 4523 diffi-

330 4464 385 4534 hic
410 4456 505 4529 nobis
532 4470 661 4527 tantum
676 4448 724 4553 ¹de
744 4454 861 4552 primo*
879 4460 1114 4559 motusinitio
1546 4550 1557 4621 l

1513 4578 1544 4625 cx
1557 4576 1577 4625 e

952 1148 1051 1217 umtis
1068 1142 1125 1216 issa
1148 1148 1214 1215 axis
1228 1143 1348 1243 ponda
1376 1170 1495 1217 revera
1516 1142 1581 1218 sol·
1711 1150 1713 1155 '
