4092 5134
367 432 422 527 tt
599 400 824 491 curor
889 402 968 490 rv.
1019 380 1028 401 ‘
1099 402 1175 491 uu
1209 358 1523 507 mansuris„

370 600 502 667 ntiuuto
518 587 663 665 seeundo
678 610 869 691 percurret:
896 598 941 664 ita
961 591 985 664 si
999 590 1125 681 dicam,
1141 594 1277 694 globum
1292 622 1333 668 ex
1350 617 1522 672 tormento
1542 600 1720 701 explosum

264 702 271 709 “
373 716 495 767 tantam
510 694 631 765 habere
647 694 872 780 celeritatem,
893 721 956 794 qua
973 722 1042 766 uno
1063 700 1193 769 minuto
1214 695 1358 773 secundo
1387 699 1525 800 spatium
1546 728 1635 780 rouo
1662 718 1729 807 peu.

271 788 275 795 ’
371 793 450 866 dum
467 815 706 893 percurreret,
731 823 834 869 nemo
853 821 924 869 000
952 793 1167 895 adaequatam
1197 801 1295 892 hujus
1323 799 1498 876 celeritatis
1525 804 1636 879 ideam
1662 811 1733 879 ha·-

370 897 467 969 bebit.
520 900 597 969 Hoc
616 923 700 997 ergo
714 895 819 970 modo
838 896 1021 969 celeritates
1038 917 1070 968 et
1087 893 1187 998 spatia
1203 900 1356 998 percursa
1373 931 1434 1003 per
1447 912 1643 1005 quantitates
1657 912 1731 985 lto·-

368 1023 570 1096 mogeneas,
596 997 697 1069 lineas
715 995 859 1083 seilicet,
883 1004 1138 1096 exprimentur,
1165 1020 1197 1073 et
1223 1020 1385 1097 cum-tam
1412 1008 1592 1107 tempora,
1618 1037 1719 1111 quam

367 1106 455 1170 vires
474 1094 513 1167 ad
534 1093 648 1170 massas
670 1100 861 1199 applicatae,
883 1096 1203 1195 nurnerisfahsolutis
1230 1105 1469 1195 exhibeantur,
1498 1114 1533 1180 iu
1559 1106 1718 1199 sorrnulis

367 1200 487 1271 uollris
509 1196 648 1298 duplicis
666 1221 796 1273 tautum
811 1207 944 1302 generis
960 1207 1159 1300 quantitates
1179 1205 1439 1310 relinquentur,
1467 1210 1589 1287 alterae
1611 1213 1719 1289 lineae

371 1306 624 1401 geometricae,
652 1303 774 1376 alterae
791 1310 923 1375 numeri
940 1298 1090 1375 absoluti.
1141 1394 1143 1399 ,

808 1439 1198 1512 urrorrrrsra
1244 1460 1289 1527 5.-

478 1572 544 1643 ¹97·
569 1553 701 1621 Duum
720 1556 756 1621 iu
774 1550 927 1653 posterum
951 1547 1038 1621 rubis
1056 1538 1203 1650 pigretur
1224 1553 1335 1627 littera
1360 1554 1632 1653 galtitrrde'nem,
1658 1584 1716 1663 per

368 1648 1214 1752 quamgraoeunomr'nutosecundoiiberedrlubitur.
1643 1666 1646 1675 '

843 1784 1234 1860 EXPLICATIO.

466 1940 538 2021 198.
565 1927 627 1996 Per
642 1917 887 1995 obseruationes
904 1938 937 1993 et
962 1923 1190 2018 experimenta
1218 1911 1348 1985 summo
1375 1912 1482 1987 lludio
1507 1923 1543 1991 in
1566 1922 1659 1997 hunc
1674 1926 1712 2001 li·

366 2052 445 2098 ucrn
463 2028 607 2099 instituta
622 2043 831 2123 compertum
846 2022 903 2105 eli,
920 2046 1041 2120 corpus
1063 2043 1165 2119 grave
1190 2013 1230 2089 de
1255 2022 1366 2117 quiete
1385 2015 1488 2090 libere
1506 2017 1711 2101 descendent

365 2133 479 2224 primo
497 2134 630 2199 minuto
649 2121 794 2199 secundo
812 2122 919 2195 delabi
933 2149 992 2222 per
1008 2116 1215 2191 altitudinem
1233 2143 1263 2209 15
1277 2128 1300 2211 q}
1316 2112 1440 2215 pedum
1458 2123 1722 2219 Rhenanorum,

364 2235 408 2300 ita
425 2250 460 2301 ut
489 2227 634 2302 adhibita
656 2228 772 2300 talium
796 2223 919 2326 pedum
941 2218 1095 2297 mensura
1116 2215 1197 2293 esset
1212 2246 1242 2318 g
1265 2245 1350 2311 :15
1366 2227 1400 2313 ἦ.
1450 2220 1517 2296 Sed
1541 2234 1622 2329 quia
1635 2259 1709 2332 gra·

367 2337 448 2403 vitas
461 2360 531 2405 non
547 2321 667 2430 ubique
685 2348 849 2401 terrarum
859 2324 976 2401 eadem
991 2319 1264 2426 deprehenditur,
1284 2323 1366 2392 haec
1379 2332 1624 2423 quantitaauon
1641 2330 1713 2407 sartis

365 2434 409 2503 ell
430 2432 507 2508 fixa.
558 2436 647 2504 Hinc
662 2428 756 2529 supra
773 2436 839 2524 jam
855 2433 982 2515 urouui,
1003 2448 1129 2500 certam
1147 2429 1285 2497 interra
1302 2428 1476 2523 regionem
1494 2422 1559 2503 elie
1584 2432 1711 2538 eligen.

363 2530 467 2621 dam,
496 2528 657 2634 quorsum
675 2551 740 2604 tam
758 2537 846 2603 vires
869 2557 970 2632 quam
994 2521 1113 2600 rualsae
1134 2552 1194 2623 per
1215 2521 1364 2621 pondera
1386 2532 1642 2628 experimendae
1658 2564 1709 2611 re-

363 2632 536 2728 serantur,
564 2639 626 2705 hac
644 2656 756 2707 autem
771 2637 910 2733 regione
925 2630 1101 2703 couslituta
1116 2625 1239 2699 ibidem
1257 2625 1398 2699 altitudo
1412 2656 1457 2729 g,
1474 2658 1515 2702 ex
1527 2661 1591 2734 qua
1605 2664 1707 2739 grave

363 2763 433 2809 uno
445 2743 575 2811 minuto
590 2733 735 2810 secundo
752 2735 854 2807 libere
869 2729 1056 2819 descendit,
1071 2757 1131 2831 per
1149 2733 1377 2831 experimenta
1399 2754 1552 2807 accurate
1568 2734 1706 2815 definia.

362 2858 431 2915 tur.
465 2841 618 2933 Adjicere
634 2832 762 2937 possem
779 2856 930 2931 aetatem,
946 2842 1034 2906 uude
1045 2831 1139 2905 limul
1152 2826 1305 2902 mensura
1320 2836 1530 2906 minutorum
1547 2832 1708 2916 seeundo·
1734 2869 1750 2909 ·,

335 2950 347 2973 ⁸
361 2966 439 3011 rum
454 2937 661 3025 defamatur,
677 2936 702 3010 li
717 2944 789 3037 quis
805 2957 911 3035 putet,
931 2935 1113 3008 labentibus
1133 2929 1268 3004 saeculis
1288 2928 1418 3007 dierum
1434 2934 1626 3014 mediorum
1647 2940 1708 3017 du·

359 3047 526 3113 rationem
542 3039 685 3109 alterari.
735 3042 862 3107 Verum
880 3062 1095 3136 quaecuuque
1113 3040 1209 3135 regio
1221 3031 1268 3104 'ad
1285 3036 1351 3106 hoc
1367 3036 1552 3113 institutum
1567 3042 1705 3146 eligatur

364 3138 505 3240 perinde
525 3140 570 3212 esi
588 3195 598 3235 ,
619 3158 653 3211 et
671 3134 752 3209 dum
767 3163 884 3209 ornnes
900 3139 1059 3209 hailemrs
1076 3158 1361 3209 commemoratae
1383 3137 1558 3215 mensurae
1583 3173 1626 3219 eo
1651 3174 1703 3220 re·

362 3241 538 3343 digantur,
563 3238 792 3312 conclusiones
803 3236 947 3339 deniqne
964 3234 1153 3311 consentire
1171 3236 1312 3328 debeut;
1324 3239 1519 3340 undepatet,
1539 3248 1596 3319 has
1611 3277 1701 3322 meu·

360 3340 453 3416 suras
462 3340 502 3415 ad
516 3344 690 3415 arbitrium
703 3341 856 3414 nollrum
873 3341 1066 3414 coullirutas
1082 3337 1148 3441 ipsa
1158 3341 1376 3413 Mechauicae
1391 3351 1554 3443 principia
1572 3376 1642 3422 non
1657 3347 1701 3422 as·

356 3446 460 3519 ficere
479 3504 488 3533 ,
512 3442 664 3546 nihilque
679 3472 721 3516 eo
737 3444 900 3515 arbitrarii
918 3445 1049 3533 induci,
1074 3471 1150 3515 cum
1171 3448 1207 3513 iis
1233 3460 1363 3514 tantum
1389 3441 1423 3515 id
1455 3444 1642 3540 efficiatur,
1665 3470 1698 3525 ut

356 3544 398 3619 ad
416 3546 643 3621 conclusiones
661 3552 697 3620 in
712 3543 876 3619 mensuris
893 3552 1037 3646 coguitis
1056 3536 1219 3646 expressas
1247 3550 1492 3643 perveniamus.
1570 3614 1576 3621 .

815 3680 1173 3774 rrrrourara
1218 3703 1249 3765 5.

463 3836 534 3905 ¹99·
559 3810 721 3881 Omnibus
747 3809 982 3909 quantitatibus
1001 3803 1182 3881 secuudum
1201 3805 1415 3905 Hypothesus
1438 3810 1545 3887 tundo
1569 3810 1694 3886 traditas
1746 3792 1748 3797 Ι

345 3913 395 3987 -ad
413 3908 581 3986 mensuras
607 3918 795 4007 revocatis,
829 3938 894 4011 pro
914 3909 1023 3985 littera
1050 3932 1074 3992 a
1100 3913 1135 3979 iu
1155 3906 1310 3981 sorumlis
1338 3907 1563 4007 superioribus
1587 3911 1694 3999 athuui

354 4016 451 4090 debet
467 4011 567 4113 dupla
580 4008 719 4087 altitudo
728 4040 767 4115 g,
786 4039 966 4115 perquam
989 4039 1092 4118 grave
1117 4038 1186 4083 uno
1212 4010 1508 4090 minuto'secuudo
1527 4016 1692 4092 delabitur.

755 4132 1294 4226 urhonrruarrn

451 4280 516 4348 Pro
532 4270 622 4374 lapsu
639 4282 792 4375 gravium
811 4288 921 4369 enim,
946 4278 1170 4354 srsecuuduru
1190 4286 1315 4360 nostras
1334 4285 1533 4389 hypotheses
1554 4299 1603 4365 vis
1623 4316 1644 4396 p
1663 4309 1690 4363 et

183 4400 259 4505 rig,
285 4395 957 4554 17·1110101.οΡ1110000,01ῐὲει,
979 4408 1011 4491 et
1034 4416 1201 4513 altitudo,
1227 4452 1287 4526 per
1312 4454 1412 4528 quam
1437 4446 1625 4531 tempores
1639 4429 1688 4503 de·
1738 4510 1744 4519 ,

1573 4585 1685 4667 labitur
