4092 5134
763 282 966 353 't'

472 398 584 540 ‘'56
981 392 1377 531 :curuans

443 604 468 657 '¹
532 649 631 727 agere
647 620 901 739 'concipiamus-2
946 618 1093 725 lingulae
1113 629 1150 694 in
1171 641 1224 694 eo·
1237 618 1382 695 eundern
1404 613 1829 794 cffefmruproduceut,'ae
1849 623 1885 697 fi.

512 720 739 827 'quiesceret3
781 751 891 823 neque
912 744 1026 796 motus
1048 724 1180 797 infinite
1200 746 1320 822 parvus
1342 729 1379 793 in
1403 747 1518 794 caretur
1544 748 1561 793 a

1582 729 1675 796 done
1695 732 1877 826 quicquam
1922 808 1925 813 ,

386 840 388 847 “
463 818 468 834 “
531 826 679 900 mutabit
728 828 971 896 Verumtamen
1005 829 1085 898 hiare
1115 831 1225 896 omnis
1247 822 1421 921 fuceellio,
1442 849 1526 922 quae
1550 842 1676 895 tantum
1697 849 1810 900 ruente
1828 829 1898 901 est·

531 922 682 1012 adrnilfa,
709 934 879 1001 removeri
895 926 1016 1018 debet,
1047 948 1083 1000 ut
1100 944 1169 998 tota
1186 934 1232 1011 vis
1248 946 1377 998 tautum
1392 951 1454 1025 per
1469 926 1719 1030 teurpusculum
1730 928 1777 1004 dt
1798 956 1877 1030 age.

527 1058 565 1105 rc
581 1028 620 1119 frt
637 1022 808 1103 censenda.

1042 1179 1069 1253 S
1075 1183 1101 1253 C
1107 1184 1145 1252 H
1151 1181 1318 1253 OLION·
1343 1202 1372 1250 2.

613 1321 617 1328 ¹
639 1349 704 1419 150.
730 1329 762 1399 Si
777 1346 973 1426 quaeratur,
994 1355 1053 1402 cur
1077 1335 1127 1401 vis
1149 1326 1368 1400 determinata
1394 1351 1417 1429 p
1438 1334 1473 1401 iu
1497 1328 1698 1430 corpusculo
1722 1327 1798 1404 dato
1814 1320 1877 1434 per

531 1430 646 1513 datram
669 1427 914 1528 tempusculum
944 1432 991 1503 dt
1013 1428 1268 1503 determinatum
1293 1423 1450 1501 effetlum
1478 1430 1535 1505 Aa
1555 1430 1736 1530 producat?
1787 1442 1877 1509 ratio

530 1538 566 1605 in¹
588 1560 631 1604 eo
654 1534 699 1629 eli
721 1530 844 1629 poma,
869 1528 963 1632 quod
982 1537 1017 1603 in
1042 1530 1243 1630 corpusculo
1268 1547 1356 1603 certa
1382 1528 1544 1631 quaedam
1567 1531 1703 1606 facultas
1718 1541 1878 1636 inquiete

527 1631 762 1733 perseverandi
785 1632 881 1718 infir,
903 1657 987 1732 quae
1011 1632 1056 1705 est
1076 1631 1144 1733 ipfa
1164 1640 1233 1727 ejus
1258 1638 1385 1703 inertia.
1443 1632 1540 1703 Talis
1562 1656 1673 1707 aretem
1690 1633 1825 1711 facultas
1839 1644 1877 1713 in

527 1743 641 1837 quiete
664 1731 898 1840 perseverandi
921 1742 1016 1805 conci
1045 1741 1055 1805 i
1078 1762 1148 1808 non
1165 1734 1292 1833 potell,
1316 1732 1385 1805 fine
1409 1731 1550 1832 quadam
1574 1736 1783 1826 reluc‘lantia,
1810 1768 1878 1843 qua

527 1858 640 1911 motus
666 1835 884 1939 productioni
909 1763 1123 1926 advertitur,
1148 1860 1323 1935 quaequo
1349 1832 1450 1908 fuerit
1475 1845 1583 1930 trrajor
1608 1839 1805 1927 volusium,
1832 1871 1877 1915 eo

527 1938 694 2013 difficilius
712 1937 766 2008 vel
779 1935 906 2008 facilius
921 1938 1044 2008 aelioni
1059 1943 1108 2009 vis
1125 1932 1339 2038 obsequetur.
1413 1937 1524 2035 Qaare
1547 1936 1625 2010 cum
1640 1943 1721 2015 haec
1737 1940 1876 2019 facultas

527 2067 605 2117 cum
622 2047 741 2115 inertia
759 2044 958 2133 conveniat,
983 2036 1202 2141 intelligitur,
1227 2038 1388 2136 inertiam
1405 2041 1493 2110 iuter
1514 2048 1710 2140 quantitates
1736 2040 1800 2115 effe
1821 2072 1875 2119 re-

491 2144 508 2153 ”
530 2138 719 2237 ferendam,
736 2148 781 2212 ita
801 2160 838 2211 ut
854 2135 1066 2213 diversorum
1088 2137 1366 2311 corpusculorum
1389 2145 1506 2212 inertia
1532 2150 1663 2215 ratione
1684 2150 1876 2244 quantitatis

368 3582 437 3689 rig.
448 3607 492 3675 14.

531 2241 660 2318 diverfa
674 2241 740 2317 effe
779 2264 862 2320 ucat.
912 2243 1023 2337 Quam
1048 2238 1142 2314 diver
1155 2261 1273 2313 itatem
1296 2265 1373 2312 curu
1397 2222 1554 2315 hallenus
1576 2242 1728 2316 noudum
1750 2243 1877 2346 specla-

530 2352 698 2433 veranus,
729 2270 866 2418 effectus
890 2350 1015 2417 virium
1037 2351 1072 2416 in
1099 2339 1221 2417 codem
1246 2341 1301 2413 vel
1321 2342 1510 2442 aequalibus
1532 2346 1758 2444 corpusculis,
1790 2376 1877 2449 quae

528 2442 654 2521 scilicet
678 2447 805 2547 aequali
830 2453 949 2518 inertia
973 2445 1037 2517 lint
1056 2441 1223 2542 praedita,
1249 2440 1359 2513 fumus
1385 2439 1530 2516 scrutati.
1580 2451 1681 2518 Nunc
1706 2454 1806 2549 igitur
1832 2449 1876 2524 ad

527 2550 726 2648 corpuscula
742 2543 871 2620 diversa
885 2540 1104 2646 progreffuri‚
1120 2540 1160 2615 ad
1176 2541 1365 2615 mensuram
1383 2549 1522 2618 inertiae
1534 2544 1750 2635 deducemur,
1774 2570 1877 2654 atque

523 2651 768 2755 intelligemus,
808 2649 984 2752 quomodo
1013 2651 1135 2718 inertia
1156 2652 1193 2717 in
1216 2644 1286 2716 aliis
1316 2651 1446 2740 major,
1467 2652 1502 2718 in
1529 2645 1600 2719 aliis
1630 2655 1745 2726 ruiuor
1771 2649 1876 2728 iuess‘e

521 2751 629 2855 puffrt.

999 2903 1355 2975 rnaonrura.
1379 2926 1407 2990 3.

625 3076 684 3143 151.
706 3055 740 3122 Si
764 3050 914 3152 aequales
936 3054 1024 3120 vires
1046 3048 1244 3147 corpuscula
1264 3047 1447 3149 inaequalia
1464 3049 1665 3150 quiescentia
1682 3047 1885 3145 sollicitent,.

525 3149 662 3225 effeetus
679 3150 801 3223 eodem
816 3150 1025 3250 tempuscula
1041 3150 1196 3249 produr‘li
1213 3171 1312 3223 eruut
1334 3156 1507 3251 reciproce
1534 3158 1672 3225 inertiae
1693 3179 1874 3252 corpuscu·
1904 3222 1918 3237 ,

525 3254 637 3328 lorum
659 3254 941 3356 proportionales.

889 3404 1580 3481 DEMONSTRArto„

625 3564 863 3659 Concipiamus
885 3553 1122 3652 corpusculum
1144 3559 1192 3643 A,
1226 3557 1320 3659 quod
1339 3566 1512 3660 quiescens
1533 3558 1555 3628 a¹
1572 3564 1604 3627 vi
1628 3579 1705 3659 :p
1726 3573 1876 3657 ternpus·

525 3660 603 3733 culo
628 3663 673 3734 dt
692 3657 909 3759 protrudatur
927 3682 987 3753 per
1002 3653 1179 3755 spatiolum
1202 3663 1265 3731 Ax
1285 3692 1324 3727 ::
1342 3664 1427 3743 dara,
1448 3657 1556 3752 frjam
1579 3657 1668 3729 aliud
1691 3684 1892 3757 eorpuscm

527 3763 599 3834 luna
621 3766 646 3833 B
667 3761 714 3833 illi
738 3758 874 3860 aequale
895 3784 918 3847 a
930 3764 962 3828 vi
980 3783 1116 3858 quoque
1138 3759 1266 3858 aequali
1280 3791 1317 3829 =
1328 3784 1352 3863 p
1364 3758 1546 3833 fecundum
1560 3759 1701 3834 eandem
1714 3758 1876 3830 direfflo-

527 3891 606 3937 uem
623 3881 800 3963 urgeatur,
822 3859 855 3931 id
873 3861 912 3930 ab
928 3886 965 3930 ea
979 3855 1103 3930 eodem
1114 3860 1324 3960 tempusculo
1346 3862 1391 3936 dt
1413 3860 1716 3962 protrudetur‘per
1736 3860 1876 3959 aequale

525 3963 704 4066 spatiolum
727 3956 784 4035 Bc
797 3995 835 4031 =
856 3963 881 4033 d
887 3988 922 4033 ω.
973 3954 1171 4033 Coalefcant
1186 3990 1277 4036 nune
1292 3965 1373 4036 haec
1394 3961 1464 4035 duo
1480 3960 1674 4064 corpuscula
1699 3966 1733 4031 in
1756 3987 1874 4049 cruram,

527 4063 617 4169 quod
635 4092 718 4169 crgo
733 4092 751 4135 a
769 4070 801 4137 vi
818 4094 856 4132 ::
877 4083 922 4162 ap
949 4063 1159 4163 tempusculo
1189 4098 1226 4133 =
1250 4066 1294 4138 dt
1315 4061 1532 4165 protrudetur
1557 4092 1616 4165 per
1638 4060 1814 4160 spatiolum
1837 4094 1878 4132 :

524 4170 602 4260 da3
625 4175 668 4239 ita
690 4187 726 4240 ut
748 4171 797 4237 vis
820 4160 983 4261 duplicata
1012 4186 1056 4266 zp
1079 4170 1115 4235 in
1136 4164 1339 4265 corpusculo
1362 4162 1531 4266 duplicato
1553 4172 1610 4237 an
1633 4160 1777 4234 eundem
1791 4158 1876 4237 effe-

525 4270 617 4342 etum
631 4268 811 4369 producat,
838 4291 874 4336 ac
893 4271 944 4335 vis
962 4263 1021 4336 farn
1048 4264 1099 4335 lex
1111 4288 1135 4365 p
1149 4272 1185 4336 in
1202 4266 1402 4362 corpusculo
1420 4264 1557 4363 limplici
1572 4272 1614 4338 A.
1665 4268 1776 4365 Atque
1793 4266 1877 4337 hinc
1924 4272 1928 4281 '

522 4371 747 4470 intelligetur,
775 4292 1052 4535 fiscorpuscullr
1077 4360 1136 4459 ipsa
1151 4371 1183 4436 Α
1196 4364 1345 4537 aequalia
1365 4362 1570 4453 coalescant,
1593 4385 1628 4438 ut
1645 4362 1723 4440 inde
1755 4392 1876 4456 unum,

445 4558 451 4571 ³
524 4470 669 4573 quodsrt
693 4502 732 4544 =
752 4467 836 4552 uA,
872 4490 909 4535 re
926 4460 1028 4549 ubet,
1049 4465 1185 4563 hecque
1204 4460 1406 4575 'solicitetur
1424 4492 1448 4565 ¹a
1469 4473 1555 4539 vi:
1574 4490 1639 4573 np,
1667 4464 1702 4541 id
1726 4487 1876 4567 tempus.
1926 4506 1931 4511 -

1795 4568 1877 4643 culo
