4092 5134
432 364 440 381 “
495 323 1258 543 cousronuairouorus.1u
1291 390 1537 517 arumna
1608 394 1613 413 '
1650 346 1724 503 's'

328 594 364 648 et
379 590 473 650 motu
486 576 712 660 exordiemur.
770 581 851 676 Qua
876 596 986 650 antem
1011 582 1067 651 bic
1093 579 1219 653 delini
1243 582 1446 679 pundiorum
1473 578 1548 655 sunt
1573 576 1718 657 obser·.

328 680 420 766 vata,
449 678 546 752 facile
563 682 603 753 ad
623 678 746 781 quasvis
769 707 915 779 corpora
941 679 1262 768 accommodantur,
1292 691 1452 781 quoniam
1472 682 1544 755 idea
1567 690 1687 782 quietis
1759 718 1767 735 ·
1858 716 1869 743 2

327 780 382 853 vel
405 802 516 855 motus
546 788 580 854 in
607 784 806 882 corporibus
832 782 945 854 locum
971 809 1044 852 non
1057 785 1175 872 'habet3
1207 783 1267 855 nist
1283 805 1443 881 quatenus
1462 783 1596 883 singulis
1616 792 1686 877 ejus

326 884 458 982 punt‘lis
478 886 644 956 tribuitur.
704 888 823 984 Neque
840 890 945 970 cuim,
975 911 1193 984 quacumque
1211 893 1311 959 etiam
1329 887 1401 956 idea
1419 891 1540 986 quietis
1559 912 1596 956 ac
1611 913 1686 959 uro·
1758 941 1761 949 .

326 1006 381 1077 tus
406 984 580 1071 statuatur,
607 1013 644 1057 ea
664 981 773 1057 subito
794 985 836 1071 de
858 1010 1005 1083 corpore
1027 984 1176 1083 quodam
1200 985 1357 1058 universo
1381 985 1553 1087 pradicari
1570 988 1687 1084 potest,

328 1109 406 1156 cum
423 1085 497 1158 ficri
514 1084 630 1186 pollit',
651 1108 689 1158 ut
711 1095 744 1157 in
762 1110 909 1183 corpore
927 1085 988 1157 alia
1001 1088 1122 1184 pundla
1136 1092 1308 1188 quiescant
1323 1087 1384 1159 alia
1402 1114 1484 1160 vero
1501 1093 1606 1188 magis
1623 1095 1687 1159 mi·

328 1214 433 1281 nusve
451 1208 661 1287 inoveantur.
713 1194 821 1287 Atque
844 1191 931 1258 hanc
954 1188 998 1257 ob
1020 1184 1149 1279 causatu
1172 1195 1314 1261 omnino
1337 1186 1467 1263 uecelle
1487 1190 1549 1285 est,
1572 1209 1608 1260 ut
1630 1217 1686 1261 ve·

325 1315 397 1360 ram
428 1297 549 1390 quictis
574 1308 730 1359 motusve
753 1286 918 1360 indolem
950 1293 1062 1387 primo
1088 1310 1217 1361 tantum
1243 1299 1277 1363 in
1297 1292 1424 1390 pundiis
1441 1291 1689 1388 investigemus.

326 1391 448 1491 Neque
477 1411 590 1461 tamen
613 1388 690 1460 ideo
714 1393 784 1461 haec
810 1388 1034 1462 consideratio
1058 1410 1214 1493 tanquam
1228 1398 1423 1492 imaginaria
1439 1394 1483 1466 ess
1500 1388 1685 1490 spedanda

325 1498 507 1591 propterea
524 1489 614 1592 quod
636 1493 842 1590 pauciorum
856 1512 1037 1590 conceptus
1061 1490 1100 1562 fit
1124 1518 1224 1564 mere
1247 1494 1436 1580 abstractus,
1465 1494 1582 1594 quibus
1599 1519 1685 1566 non·

326 1590 412 1663 nulli
428 1599 526 1664 etiam
550 1588 743 1665 dubitarunt
766 1614 899 1665 motum
917 1594 971 1666 vel
990 1598 1139 1693 quietem
1156 1591 1355 1676 adscribere.
1413 1601 1563 1680 Verum,
1591 1601 1686 1695 quic·

325 1693 408 1795 quid
425 1692 461 1765 lit
477 1693 518 1766 de
534 1695 596 1764 hac
613 1694 854 1781 controuersia,
882 1691 1066 1770 necessario
1086 1693 1343 1767 concedendum
1355 1694 1426 1784 est,
1452 1696 1615 1792 ficorpus
1631 1694 1687 1766 vel
1731 1694 1733 1699 ’
1755 1692 1760 1703 '
1811 1768 1823 1786 ⁸

326 1802 474 1896 quiescat
494 1793 551 1867 vel
574 1817 772 1887 moveatur,
798 1798 920 1896 pnndla
942 1806 976 1870 in
1004 1824 1047 1869 eo
1066 1802 1198 1897 concipi
1214 1792 1327 1896 polle,
1350 1822 1423 1896 quae
1438 1797 1493 1873 vel
1512 1801 1687 1897 quiescent

325 1897 379 1970 uel
396 1898 641 1973 movebuntur:
692 1926 801 1999 neque
816 1901 872 1970 hic
892 1899 1046 1986 interest,
1062 1918 1176 1971 utrum
1193 1899 1271 1970 talia
1286 1899 1405 1995 pundla
1420 1925 1483 1998 pro
1500 1922 1687 1995 corporum
1765 1992 1768 1997 ‚

326 1999 497 2071 elementis
515 1999 630 2071 haberi
644 2022 768 2097 queant
782 2027 844 2072 nec
859 2008 922 2072 ne?
980 1994 1233 2102 Nihilquoque
1251 2001 1373 2087 obstat,
1402 2006 1584 2101 quominus
1609 2004 1684 2097 quis

325 2120 364 2173 ut
380 2088 523 2174 lubuerit
537 2100 616 2173 loco
634 2102 759 2175 horum
773 2104 976 2201 pundiorum
994 2128 1073 2174 vera
1091 2120 1276 2201 corporum
1292 2102 1483 2190 elementa,
1532 2098 1600 2171 five
1619 2097 1686 2170 fint
1771 2148 1773 2152 -

326 2200 459 2275 infinite
477 2228 599 2302 parva,
625 2199 691 2276 save
716 2200 822 2276 saltim
847 2230 947 2306 quam
973 2210 1112 2275 minima
1135 2201 1329 2277 substituere
1350 2205 1461 2279 velit:
1519 2227 1573 2273 res
1592 2205 1685 2271 enim

327 2310 470 2376 omnino
485 2301 607 2375 eodem
622 2303 754 2393 redibit,
770 2333 879 2404 neque
898 2310 982 2378 hinc
997 2304 1129 2377 nullum
1146 2304 1285 2379 dubium
1304 2301 1391 2377 nasci
1407 2301 1522 2405 potest,
1574 2300 1693 2374 Simili

325 2405 433 2478 modo
458 2430 496 2476 ea
519 2405 640 2503 puncta
663 2412 713 2494 Δ,
738 2412 782 2494 Β,
805 2410 854 2497 C,
877 2402 968 2482 Dad
992 2434 1079 2507 quae
1093 2406 1192 2480 litum
1206 2409 1371 2508 paneliO
1393 2405 1514 2493 retuli,
1536 2402 1684 2475 realitati

326 2512 467 2579 minime
482 2527 686 2608 repugnant,
706 2535 783 2580 cum
800 2509 864 2580 lint
894 2515 1031 2583 termini
1054 2515 1090 2581 in
1113 2516 1202 2581 veris
1227 2510 1426 2610 corporibus
1446 2506 1639 2605 existentes,
1663 2530 1684 2576 a

326 2610 446 2709 quibus
463 2604 621 2680 distantiae
637 2609 884 2683 mensurentur.
934 2606 1007 2683 Nisa
1023 2618 1097 2710 quis
1116 2610 1321 2685 existentiam
1339 2635 1523 2708 corporum
1545 2602 1683 2704 prorsus
1745 2630 1749 2637 ·

327 2715 522 2809 negaverit,
543 2734 621 2779 cum
639 2735 708 2807 quo
734 2712 829 2780 nobis
851 2707 1031 2804 disputatio
1053 2706 1143 2780 foret
1158 2711 1268 2806 nulla,
1291 2706 1485 2803 hujusmodi
1500 2726 1682 2804 conceptue

328 2809 372 2881 ad
388 2807 627 2881 sublevandum
642 2809 902 2912 investigationis
917 2814 1091 2908 negotium
1110 2814 1251 2885 minime
1268 2809 1460 2911 improbare
1474 2812 1614 2909 poterit.

822 2962 1007 3056 uratur
1020 2964 1119 3033 rm.
1149 2983 1178 3032 a
1576 2938 1589 2967 “

387 3162 390 3169 ·
431 3139 458 3208 ς.
480 3119 573 3189 Dum
587 3131 747 3212 quatuor
773 3107 909 3206 plurave
933 3108 1055 3207 pundla
1079 3107 1213 3183 casdem
1241 3115 1328 3183 inter
1349 3104 1382 3181 se
1405 3104 1539 3182 seruant
1562 3104 1683 3180 distan-

327 3223 408 3303 tias,
439 3216 461 3288 sr
477 3215 636 3315 pundlum
656 3209 790 3311 aliquod
806 3213 837 3281 0
852 3211 892 3281 ab
908 3217 969 3307 piis
985 3231 1151 3309 perpetuo
1167 3232 1299 3283 maneat
1316 3207 1537 3309 aequidistans,
1562 3234 1684 3279 eorum

328 3314 479 3415 respediu
501 3322 674 3418 quiescere
686 3313 829 3387 diciturt
877 3312 1059 3412 propterea
1074 3308 1167 3415 quod
1180 3338 1301 3387 eorum
1316 3310 1468 3412 respedlu
1484 3309 1629 3383 eundem
1642 3306 1682 3383 ss·

287 3471 292 3481 ·
326 3438 401 3493 tum
415 3415 602 3494 conservat.

870 3564 1080 3649 ‚COROLL
1106 3580 1133 3641 Ι.

431 3728 465 3791 6.
491 3720 525 3789 Si
546 3722 575 3789 Α
594 3715 632 3788 fit
653 3738 775 3815 corpus
800 3712 946 3788 solidum
968 3713 1111 3814 liguram
1137 3704 1228 3781 suam
1248 3708 1438 3784 constanter
1464 3708 1622 3795 servans,
1647 3717 1684 3783 in
1748 3702 1750 3707 ¹

330 3846 394 3906 eo,
419 3825 632 3921 quantumuis
648 3818 751 3891 fuerit
768 3843 929 3915 parvum,
962 3842 1034 3886 non
1058 3811 1167 3885 solum
1185 3831 1347 3914 quatuor,
1393 3809 1449 3884 sed
1466 3841 1565 3913 quam
1579 3811 1683 3912 pluri-

329 3949 386 3995 ma
417 3926 596 4022 concipere
630 3919 708 3994 licet
737 3919 877 4022 pandit,
911 3922 1102 4018 quainter
1134 3911 1169 3988 se
1189 3909 1329 3989 easdeui
1353 3935 1521 4017 perpetuo
1548 3930 1685 3988 teneant

331 4018 508 4095 distantias.
1532 4026 1545 4049 ⁰

869 4170 1079 4245 cononi„
1116 4187 1153 4249 2.

432 4351 463 4416 7.
486 4320 647 4429 Qarefi
676 4323 837 4421 pum‘ium
869 4325 901 4395 0
930 4317 1083 4420 respectu
1113 4325 1204 4398 iilius
1236 4328 1391 4425 corporis
1423 4311 1683 4422 Aeunderufi·
1739 4386 1742 4391 ,
1843 4348 1846 4353 ·
1893 4423 1897 4433 ι

324 4422 578 4583 tmserret,
612 4421 703 4527 quod
726 4424 784 4524 fit,
832 4422 858 4499 fi
888 4425 929 4497 ab
959 4423 1114 4600 empilgus
1145 4435 1214 4521 ejus
1246 4427 1377 4527 puudiis
1406 4438 1687 4591 ΡοῃκῐιιῗῃΞειὶῙειιέοτ
