4092 5134
386 378 1274 519 oonounnnnnonananns
1292 430 1493 527 arnus
1508 434 1587 529 ue.
1622 454 1691 549 281
1899 556 1903 563 ,

340 624 393 719 pia
406 636 485 689 ante
499 619 561 687 hac
577 612 690 716 paffim
708 611 854 713 expolita
862 612 952 691 nibil
968 615 1287 695 babetdifficultatie
1303 653 1313 713 ;
1337 622 1383 698 lin
1409 646 1517 701 autem
1543 628 1612 729 iple
1651 660 1688 726 y·
1806 662 1808 667 ·

338 726 476 795 rarionit
498 724 567 791 axia
594 722 758 791 continuo
777 720 1035 803 varietur,.haec
1049 726 1215 823 principia
1240 729 1380 798 minime
1409 725 1599 820 sufficiunt,
1626 658 1687 807 iad

337 818 605 923 confugiendum
625 825 691 891 erit
710 816 752 891 ad
773 844 946 919 ea,·q11ae
959 826 996 894 in
1011 812 1171 922 capitibus
1189 826 1460 925 praecedentibus
1485 831 1585 907 fustus
1611 830 1686 909 sunt

336 922 509 1025 explicata.
572 924 613 991 in
628 922 695 993 boc
711 938 825 994 tamen
841 926 974 1021 capite,
998 924 1055 995 ubi
1079 921 1121 997 de
1144 946 1240 999 motu
1256 954 1439 1029 corporum
1454 942 1554 1007 ternis
1575 934 1686 1011 axibus

335 1019 718 1131 paribnnpraeditorum
739 1042 773 1096 et
792 1022 926 1097 anullia
942 1025 1068 1097 viribus
1084 1022 1340 1102 sollicitatorum
1356 1038 1511 1133 agimur,
1532 1037 1596 1109 illis
1615 1033 1687 1113 sub·

334 1128 424 1207 fidiis
442 1153 513 1197 nou
528 1120 716 1225 indigemus
731 1183 740 1213 ,
768 1122 825 1197 secl
838 1114 899 1223 per
913 1125 1064 1227 vulgaria
1080 1136 1245 1233 principia
1269 1150 1387 1225 toturn=
1397 1144 1575 1238 negotium
1589 1145 1684 1212 uniet

333 1226 569 1335 propofitioue
591 1224 746 1329 expedire
762 1232 958 1328 poterimus.

756 1352 1174 1477 ancarana
1224 1425 1278 1492 20.

441 1545 518 1617 701.
537 1524 571 1593 Si
587 1547 708 1621 corpus
728 1522 877 1622 rigidum
896 1526 1000 1597 tribus
1020 1527 1132 1598 axibus
1150 1528 1280 1627 paribus
1296 1526 1484 1629 praeditum
1498 1529 1689 1630 quomodo·

336 1650 472 1727 ermque
495 1628 717 1725 projiciatur,
750 1650 859 1724 neque
879 1621 1093 1728 deincepeab
1110 1628 1185 1702 ullis
1209 1630 1333 1704 viribus
1356 1628 1582 1720 sollicitetur,
1605 1628 1687 1707 dest·

335 1737 411 1804 nire
426 1746 561 1803 motum
575 1752 645 1828 quo
655 1724 886 1829 progreditur.
1672 1724 1676 1735 '

875 1878 1161 1958 sororio,

449 2034 571 2107 Motus
599 2036 738 2132 corpori
759 2034 907 2131 primurn
932 2028 1106 2135 irnprell'ua
1126 2030 1310 2107 resoluatur
1330 2040 1366 2107 in
1385 2031 1632 2137 progredirum
1656 2054 1689 2109 et

335 2142 549 2239 gyratoriurn
570 2141 660 2209 circa
685 2159 787 2236 quern
811 2139 877 2227 iam
903 2158 1000 2208 axem
1026 2160 1087 2233 per
1111 2155 1266 2209 centrum
1287 2142 1427 2211 inertiae
1451 2132 1689 2225 transeuntem,

335 2264 487 2339 quorum
506 2159 842 2340 utrimque-seorim
859 2234 1071 2311 considerare
1090 2234 1179 2314 licet.
1232 2242 1283 2309 lic
1296 2246 1409 2339 primo
1425 2238 1561 2337 quidem
1577 2256 1688 2312 motue

335 2338 562 2443 progrellivue
579 2346 625 2412 ita
637 2336 921 2425 continuabitur,
946 2358 985 2409 ut
999 2355 1153 2411 centrum
1179 2344 1320 2413 inertiae
1345 2336 1562 2413 uniformiter
1579 2346 1618 2413 in
1642 2336 1692 2413 di·

337 2444 471 2519 redium
489 2436 746 2543 progrediatur,
772 2462 858 2543 quae
875 2442 1061 2612 proprietas
1079 2443 1172 2511 omni
1189 2446 1298 2511 motui
1313 2438 1523 2545 progreffivo
1538 2442 1584 2517 eil
1597 2464 1691 2513 corn·

337 2548 476 2633 munis,
502 2541 629 2617 etiamli
646 2564 768 2641 corpur
784 2564 857 2611 non
878 2536 924 2611 ad·
970 2566 1012 2613 oc
1035 2566 1141 2640 genua
1162 2538 1337 2623 referatur,
1405 2540 1506 2639 Quod
1527 2562 1638 2617 autem
1651 2541 1694 2615 ad

337 2668 473 2723 motum
489 2650 701 2746 gyratorium
718 2644 854 2737 corpori
871 2645 1022 2737 primum
1039 2636 1234 2738 impressum
1252 2648 1385 2729 attinet,
1413 2646 1468 2714 hic
1483 2642 1613 2717 indoles
1629 2646 1694 2715 bu·

338 2759 391 2847 jus
411 2753 544 2849 generis
562 2767 751 2841 corporum
774 2744 940 2839 imprimis
964 2736 1167 2813 solutionem
1189 2740 1392 2842 suppeditat,
1414 2769 1491 2816 cum
1514 2750 1605 2818 enim
1627 2749 1693 2817 axis

336 2851 524 2956 gyrationis
541 2900 553 2932 ,
580 2849 772 2946 quictmqne
786 2837 906 2929 fuerit,
935 2847 1141 2941 proprietate
1157 2849 1269 2915 axium
1285 2843 1520 2945 principalium
1536 2841 1690 2947 gaudeat,

333 2944 452 3028 motus
471 2952 660 3047 gyratoriur
675 2949 772 3018 initio
784 2936 960 3043 irnpress'ua
975 2948 1021 3017 ira
1042 2944 1326 3043 perpetuabitur,
1353 2964 1390 3018 ut
1414 2952 1481 3018 rutis
1498 2950 1696 3048 lgyrationia

339 3051 533 3131 confianter
545 3056 580 3122 in
599 3042 972 3151 quieteper'leveraret,
995 3044 1021 3119 fr
1045 3044 1154 3119 nullut
1172 3066 1285 3121 motus
1309 3046 1533 3151 progrediens
1549 3042 1694 3142 adeffat3

335 3163 408 3232 hoc
425 3172 537 3224 autem
555 3148 733 3223 accedente
746 3152 1013 3319 axicgyrationia
1033 3168 1132 3221 rnotn
1155 3146 1213 3223 fibi
1229 3149 1390 3250 parallelo
1414 3177 1491 3223 curu
1508 3164 1626 3223 centro
1643 3156 1695 3221 in-

339 3265 444 3334 ertiae
462 3248 678 3326 uniformiter
692 3256 727 3324 in
741 3248 815 3322 dire
851 3273 907 3320 um
924 3250 1208 3349 promovebitur,
1234 3271 1335 3354 atque
1355 3258 1484 3333 interea
1507 3272 1618 3324 motus
1635 3278 1695 3352 gy-

340 3364 486 3435 ratoriue
501 3353 715 3459 aequabiliter
731 3347 933 3425 absolvetur.
1003 3394 1008 3403 ·
1054 3378 1056 3383 ·
1311 3386 1314 3393 ·
1499 3340 1504 3349 ’
1642 3380 1678 3407 ··

781 3496 785 3503 ’
852 3520 1107 3615 coarat.
1142 3542 1177 3599 ι.

439 3675 515 3745 702.
547 3646 866 3750 Quicunque'ergo
891 3664 1005 3719 motus
1032 3663 1099 3717 tam
1128 3642 1352 3747 progreffirua
1376 3667 1475 3743 quam
1504 3646 1696 3743 gyratorina

340 3758 479 3853 corpori
495 3755 592 3829 initio
609 3756 654 3822 im
679 3756 837 3838 rimatur,
865 3766 1021 3819 centrum
1037 3751 1177 3833 inertiae
1193 3774 1272 3821 curn
1289 3772 1348 3819 axe
1367 3750 1608 3845 gyrationisita
1621 3751 1696 3819 uni·

338 3852 500 3933 formiter
517 3778 733 3927 indireCium
754 3845 1022 3951 progredietur,
1055 3866 1093 3921 ut
1113 3854 1181 3923 axia
1208 3846 1266 3929 fibi
1296 3864 1459 3949 perpetuo
1483 3866 1615 3923 maneat
1639 3872 1696 3949 pa·

341 3954 478 4029 rallelus
498 4013 508 4044 ,
527 3979 717 4057 corpusque
731 3958 820 4026 circa
833 3978 912 4025 eum
930 3946 1148 4023 uniformiter
1164 3956 1274 4052 gyrari
1288 3972 1420 4053 pergat.

831 4091 1071 4215 ronna
1096 4123 1130 4191 a.
1180 4137 1210 4191 ρ.

320 4326 336 4341 ,,
446 4272 522 4339 703,
551 4248 688 4323 Etiarnfi
702 4272 824 4351 corpus
836 4274 906 4320 nou
919 4247 961 4319 ad
975 4226 1176 4350 'hocgenus
1193 4256 1368 4348 ¹pertineat
1384 4308 1393 4337 ‚
1420 4267 1532 4321 tamen
1548 4238 1699 4335 fijeijint-

344 4352 401 4428 tio'
412 4373 544 4453 practer
561 4372 695 4424 motum
710 4346 1077 4452 progrclftvum'motur
1091 4359 1281 4452 gyratoriut
1291 4359 1379 4425 circa
1395 4350 1699 4450 quernpiarnaxem

345 4453 574 4561 principalem,
584 4458 818 4557 imprimatur,
848 4472 989 4555 uterque
1015 4473 1129 4525 motus
1146 4453 1288 4555 perinde
1309 4447 1565 4526 continuabitur.

340 4576 348 4583 ,.
990 4554 1064 4627 Nn
1616 4541 1702 4639 00·
