4092 5134
252 414 330 501 nu
346 411 540 525 cnusrs
556 410 765 501 Morus
782 348 1071 504 sursulus
1092 375 1201 505 suu
1215 360 1438 506 vrunus.
1469 446 1524 531 47
1599 414 1602 419 ·
1692 507 1700 527 ,

133 606 143 619 ’
169 604 265 707 globi
280 610 315 677 in
333 601 495 699 ejusmodi
513 602 624 676 locum
638 592 882 704 pertingit,‘ttbi
900 631 1017 677 revera
1032 600 1109 707 pars
1126 605 1261 707 argillae
1279 608 1388 680 exiliat
1399 640 1410 699 3
1462 607 1520 682 led

159 713 250 808 quia
265 715 331 802 jain
348 707 467 807 globus
482 705 595 778 iocum
614 726 771 805 occupat,
798 725 875 778 ante
889 708 928 777 ab
945 708 1062 808 argilla
1076 702 1296 808 occupattnn‚
1324 737 1391 782 uox
1416 736 1518 808 pene·

171 814 326 893 trationis
343 806 529 883 adhibetur.
578 810 645 879 Hic
660 827 769 878 autem
783 827 910 879 tantum
927 836 1107 909 negamus,
1133 837 1255 909 corpus
1270 809 1383 882 iocum
1400 837 1517 910 quern·

170 917 261 1011 piam
277 937 440 1008 occupare
456 905 568 1009 polis,
592 915 648 1010 qui
665 907 761 980 linurl
778 910 817 980 ab
834 908 900 980 aiio
917 931 1117 1009 occupetur,
1146 938 1216 984 nou
1229 918 1287 1013 qui
1303 911 1435 985 ante'ab
1451 913 1518 985 alio

169 1011 273 1093 fuerit
287 1030 478 1109 ocqnpatns.
530 1011 636 1082 Simili
655 1008 771 1097 inodo,
786 1009 921 1110 quando
947 1039 1030 1111 aqua
1047 1009 1221 1114 spongiam
1235 1034 1421 1112 penetrare¹
1434 1010 1517 1085 dici·

170 1133 246 1201 tur,
272 1141 354 1213 aqua
372 1132 499 1185 tantum
514 1112 687 1183 interiiitia
705 1108 759 1182 scu
775 1138 879 1209 poros
899 1109 1057 1214 spongiae
1082 1115 1206 1213 replet,
1229 1120 1286 1215 qui
1305 1142 1383 1186 cum
1407 1134 1518 1187 antea

169 1212 344 1289 substantia
360 1211 518 1314 spongiae
531 1239 602 1284 uon
618 1211 911 1311 distinguerentur,
925 1211 992 1312 ipsa
1020 1213 1158 1316 spongia
1181 1235 1352 1313 penetrata
1374 1214 1518 1302 videtur,

168 1313 227 1389 sed
243 1344 280 1390 re
296 1322 478 1388 accuratius
495 1320 677 1387 examinata
692 1310 984 1411 deprehendimus,
996 1313 1156 1416 nusquam
1166 1318 1220 1391 vel
1234 1323 1410 1392 minimam
1418 1314 1531 1414 spons

166 1425 244 1520 giae
258 1416 455 1518 particulam
477 1416 638 1514 exiliere,
656 1414 721 1486 ¹ubi
745 1414 842 1489 simui
861 1442 985 1518 aequae
1008 1418 1167 1516 particula
1190 1419 1310 1491 exiliat.
1335 1450 1338 1455 ·
1385 1415 1519 1491 Eodem
1573 1466 1577 1475 ‚

135 1588 137 1595 .
167 1518 277 1595 modo
293 1545 345 1593 res
362 1516 395 1591 se
411 1518 509 1591 habet
523 1523 560 1589 in
576 1517 794 1613 corporibus,
820 1544 904 1618 quae
921 1514 955 1589 se
978 1524 1012 1589 in
1040 1525 1149 1593 urinns
1172 1517 1312 1618 spatium
1335 1526 1518 1620 comprimi

165 1628 361 1722 patiuntur,
389 1646 561 1719 nunquam
582 1625 673 1691 enim
694 1614 779 1689 duae
796 1619 977 1716 particulae
1000 1624 1036 1689 iu
1060 1617 1204 1694 eundem
1228 1622 1341 1693 locum
1359 1620 1518 1722 redigun-

166 1742 243 1820 tur,
268 1720 324 1795 sed
338 1720 511 1794 intervalia
532 1727 621 1792 inter
642 1719 818 1819 particulas
839 1721 1070 1809 consuantur,
1097 1743 1134 1793 ea
1157 1728 1295 1793 materia
1319 1719 1421 1808 adeo,
1453 1748 1519 1821 qna

168 1844 247 1901 ante
272 1823 514 1923 implebantur,
544 1820 622 1895 inde
650 1814 791 1920 expulsa.
859 1824 922 1895 His
947 1828 1048 1922 igitur
1074 1824 1179 1920 probe
1201 1822 1369 1925 perpensis
1385 1822 1517 1894 nulium

151 1923 538 2024 ·dubiinn-reiinqnitur,
592 1929 648 1995 uin
667 1947 810 2021 corpora
826 1920 889 1995 hut
910 1925 1187 2023 impenetrabilia,
1215 1922 1283 2011 seu,
1305 1930 1388 2023 quin
1404 1920 1517 1999 olonis

167 2052 217 2103 no
230 2026 304 2101 fieri
323 2045 486 2129 nequeat,
513 2044 548 2098 ut
565 1954 633 2099 duo
650 2050 795 2133 corpora
812 2022 960 2129 sinui-in
976 2021 1105 2127 eodem
1117 2027 1196 2102 loco
1212 2028 1359 2101 exiliant.

650 2178 973 2262 EXPLICATIO.
1007 2205 1037 2256 2.

186 2376 188 2381 ·
269 2346 337 2426 ¹28·
375 2327 463 2402 idea
489 2330 592 2430 igitur
634 2325 950 2427 impenetrabilitatis
989 2331 1108 2427 nititur
1140 2325 1216 2401 idea
1241 2329 1309 2419 loci,
1354 2328 1430 2404 iine'
1452 2349 1520 2429 qua

168 2436 312 2505 omnino
336 2431 513 2505 consistere
534 2436 663 2531 nequir.
717 2433 750 2503 Si
776 2428 983 2503 enim·locus
1006 2430 1092 2503 nihil
1118 2425 1198 2503 eliet
1217 2434 1445 2533 acorporibus
1468 2427 1519 2505 di·

167 2529 314 2622 uersum,
341 2532 422 2635 quid
436 2530 514 2606 eliet
530 2530 835 2632 impenetrabiliter,
852 2531 947 2605 nullo
964 2533 1071 2605 modo
1098 2533 1239 2635 intelligi
1257 2530 1371 2632 posset.
1454 2533 1518 2603 Di·

133 2718 141 2735 .
168 2656 250 2707 cunt
267 2635 405 2736 quidem
420 2631 634 2731 Philosophi,
660 2642 716 2732 qui
741 2634 807 2705 loci
829 2632 1014 2704 realitatem
1035 2658 1176 2733 negant,
1206 2662 1351 2734 corpora
1367 2627 1518 2711 necetis·

167 2742 226 2809 rio
240 2757 329 2811 extra
343 2733 376 2807 se
394 2737 552 2818 exiliere3
579 2729 635 2800 sed
649 2729 731 2828 quid
746 2732 784 2800 srt
801 2753 896 2802 extra
913 2732 967 2800 rel
986 2741 1091 2816 rastra,
1117 2732 1142 2802 si
1162 2733 1255 2802 locus
1273 2734 1341 2805 line
1364 2737 1519 2830 corpori·

166 2838 228 2911 bus
245 2835 404 2922 nihiisrt,
431 2837 571 2903 rarissime
588 2827 766 2910 definiunt.
818 2830 911 2930 Quae
931 2826 1027 2929 supra
1050 2828 1092 2904 de
1117 2838 1227 2933 quiete
1250 2852 1399 2906 etmotn
1424 2828 1518 2903 abso·

166 2932 244 3011 itiro
289 2933 366 3009 sunt
410 2932 565 3034 exposita,
599 2931 728 3004 abunde
774 2936 949 3019 evincunt,
988 2930 1103 3004 locum
1151 2960 1223 3006 non
1271 2930 1337 3011 eise
1372 2960 1518 3019 ¹asserum

166 3045 291 3115 utentis
322 3032 556 3136 concsptum,¹
575 3053 609 3107 et
637 3061 726 3106 nrrnc
750 3057 790 3103 ex
813 3033 1125 3131 impenetrabilitate
1148 3034 1334 3111 luculenter
1355 3032 1516 3139 perspici·

168 3167 263 3229 runs,
285 3135 393 3211 ideam
409 3139 474 3210 ioci
488 3137 563 3236 plns
580 3143 614 3208 in
638 3131 670 3206 se
694 3132 890 3231 complesii,
917 3162 1018 3237 quam
1044 3132 1148 3207 solam
1173 3164 1359 3237 corporum
1378 3137 1516 3210 relatio-

167 3269 248 3316 nem
272 3258 439 3327 mutuam,
464 3246 509 3311 ita
533 3258 569 3307 ut
595 3232 725 3307 sublatis
747 3238 943 3331 corporibus
970 3245 1071 3309 etiam
1096 3243 1156 3310 loco
1177 3239 1287 3311 nulius
1303 3236 1396 3312 iociis
1412 3238 1515 3311 relin-

167 3364 337 3446 queretur.
387 3342 444 3412 En
481 3365 564 3439 crgo
594 3336 687 3409 locus
715 3334 838 3436 aliquid
859 3363 877 3406 a
897 3340 1096 3435 corporibus
1121 3366 1191 3409 non
1213 3338 1378 3439 pendens,
1405 3364 1517 3439 neque

167 3472 279 3518 merus
299 3449 420 3514 mentis
435 3459 635 3539 conceptus3
681 3433 760 3540 quid
784 3448 894 3509 autem
919 3462 1009 3511 extra
1034 3459 1183 3521 mentem
1208 3442 1363 3513 realitatis
1387 3442 1516 3525 habeat,

167 3545 393 3637 definirenon
410 3539 531 3636 ausint,
555 3537 681 3611 etiamst
707 3545 742 3611 in
760 3565 801 3609 eo
819 3538 963 3640 aliquam
987 3542 1172 3613 realitatem
1195 3539 1374 3642 agnoscere
1397 3542 1515 3615 debea·
1547 3534 1559 3555 ’

166 3646 251 3722 mus.
308 3642 452 3749 Quodo
466 3661 576 3714 autem
593 3637 786 3740 Philosophi
804 3666 921 3714 omues
938 3644 1099 3715 realitates
1112 3648 1147 3713 in
1160 3663 1262 3715 certas
1279 3640 1390 3717 ciaiies
1407 3643 1516 3717 distri

166 3753 290 3834 buunt,
323 3768 420 3847 arque
451 3744 642 3845 perhibent,
672 3740 712 3815 ad
732 3740 858 3814 nullam
883 3770 996 3818 earum
1023 3745 1135 3817 iocum
1154 3741 1274 3817 referri
1289 3742 1381 3846 posse
1391 3779 1402 3838 ;
1449 3771 1519 3819 rua·

126 3902 130 3909 -
166 3856 227 3925 lim
248 3846 397 3934 credere,
423 3850 483 3919 has
502 3841 613 3917 classes
635 3844 674 3914 ab
699 3850 738 3915 iis
761 3869 945 3943 perperam
969 3842 1035 3918 esse
1057 3844 1267 3934 couliitutas,
1299 3876 1376 3921 cum
1398 3870 1450 3921 res
1473 3872 1517 3921 eo

165 3946 359 4029 referendas
391 3975 461 4022 uon
490 3944 565 4020 satis
595 3942 840 4045 cognovissent.
908 3948 1016 4020 Simili
1050 3942 1156 4017 modo
1184 3955 1272 4021 ratio
1292 3958 1441 4050 temporis
1471 3948 1518 4020 eii

166 4050 375 4151 comparata,
401 4058 436 4124 in
464 4078 534 4152 quo
558 4046 643 4119 nihil
665 4046 754 4137 reale
778 4041 880 4119 ineii'e
908 4066 1104 4134 atttumant,
1141 4074 1220 4120 cum
1242 4070 1353 4122 tarnen
1378 4042 1516 4121 vocilius

165 4176 240 4231 arare
256 4156 364 4255 etpost
377 4148 465 4225 haud
481 4176 599 4252 parum
624 4148 778 4221 realitatis
799 4148 955 4224 tribuant.
1014 4146 1309 4250 Quemadmodum
1332 4172 1416 4253 ergo
1438 4172 1520 4225 vera
1627 4152 1632 4163 ¹

136 4282 141 4301 ⁸
165 4253 242 4329 idea
261 4252 323 4351 loci
338 4274 370 4325 et
382 4252 475 4353 spatii
499 4253 571 4355 pius
588 4259 623 4323 in
641 4246 674 4323 se
691 4257 859 4341 continet,
888 4246 1162 4355 qtramordinem
1181 4245 1451 4342 coexiiientium,
1475 4260 1519 4351 ita

158 4381 304 4463 ¹quoquo
324 4380 402 4427 vera
423 4356 496 4429 idea
522 4356 682 4457 temporis
705 4352 779 4455 pius
794 4358 838 4425 ¹in
861 4350 893 4427 se
910 4360 1064 4429 conrinct
1081 4378 1185 4457 qttam
1200 4355 1356 4429 ordinem
1371 4342 1519 4427 fircccssi·

141 4484 308 4638 ,slep-nrm
351 4464 504 4560 quamvis
528 4449 757 4545 concesserim,
774 4462 899 4558 primas
917 4462 1178 4559 harnmrerum
1207 4449 1519 4631 idmnobiiciihe
1612 4530 1615 4535 ,

166 4592 184 4639 e
212 4580 351 4637 erratas.
1146 4606 1154 4613 -
1507 4596 1520 4614 .
