4092 5134
303 432 413 543 2236
453 416 657 515 claua*
668 418 775 517 vn.
830 414 911 507 nn
925 410 1046 505 Atra
1061 378 1420 519 curamonta
1436 396 1638 506 annno
1706 394 1716 405 ’·

337 612 380 689 ed
398 608 539 717 quodvis
559 631 690 715 tempus
712 634 793 686 uera
819 603 1195 707 celeritas'augnlarira
1221 602 1268 681 eil
1289 603 1442 707 petenda
1483 604 1630 684 'Deinde
1644 616 1694 687 via

339 720 376 808 lq
387 750 426 790 =
437 720 470 787 V
484 710 594 790 soluin
606 733 738 790 motum
753 708 998 814 progrcffivtun
1014 706 1117 781 afficit
1134 766 1145 799 ,
1171 702 1273 811 idque
1295 732 1367 811 non
1383 706 1505 801 aliter,
1532 735 1572 785 ac
1586 709 1612 787 li
1627 730 1695 789 tote

340 824 494 916 corporis
511 812 611 891 massa
624 818 667 891 M
683 810 806 916 inipso
822 830 942 885 centro
961 816 1101 884 inertiae
1116 812 1133 882 Ι
1148 804 1416 911 effet‘colledim
1437 814 1484 883 ita
1511 830 1551 884 ut
1573 836 1695 917 corprp

229 954 232 959 ·
340 939 499 1021 tanquam
516 920 679 1020 poncium
698 920 743 1005 1,
769 911 862 1017 qnod
887 921 954 1008 jam
976 938 995 983 a
1022 918 1057 985 vi
1079 914 1170 1001 lq:
1193 914 1227 983 V
1242 907 1464 999 sollicitetur,
1486 910 1694 993 confiderem

205 1064 210 1073 ·
340 1018 438 1093 liceat
454 1045 466 1098 a
486 1046 575 1121 quae
591 1018 830 1093 determinatio
844 1042 924 1089 cum
939 1020 975 1086 in
987 1009 1263 1114 praecedentibus
1279 1007 1355 1084 satia
1371 1008 1413 1084 fit
1425 1012 1608 1113 expirata,
1632 1044 1695 1101 mr.

339 1118 497 1197 uifellum
522 1121 588 1209 est,
605 1110 781 1223 quomodo
805 1114 848 1189 ad
875 1112 1173 1219 quodviajtcmpur
1197 1133 1268 1191 taut
1283 1128 1417 1191 mottttn
1440 1114 1696 1220 progreffimfl

126 1218 130 1225 ’
279 1304 282 1310 ,
339 1250 447 1329 qnam
460 1218 839 1327 gyratoriumallignari
857 1233 1026 1322 oporteat.

443 1525 526 1605 609.
551 1516 588 1585 Si
607 1528 721 1587 motat
736 1384 1203 1616 progretcirlliiididoquellr
1216 1502 1360 1599 fnullueg
1389 1527 1547 1587 centrum
1561 1462 1709 1593 inertiae,

227 1694 241 1707 ,
327 1614 382 1689 'in
397 1612 589 1716 ipsoaeplano
606 1610 648 1685 ad
664 1640 762 1689 auem
777 1610 923 1688 normali
941 1613 1077 1685 moveri
1095 1612 1252 1709 incipiet,
1279 1627 1404 1682 etcum
1422 1618 1509 1687 vires
1522 1611 1697 1697 sollicitau-

343 1735 395 1788 tes
411 1730 577 1817 perpetuo
593 1720 629 1787 in
647 1714 769 1789 eodem
783 1716 884 1817 plano
899 1730 1022 1817 agant,
1048 1729 1138 1807 totus
1164 1713 1272 1783 centri
1294 1714 1435 1787 inertiae
1458 1735 1572 1789 {nonu
1594 1725 1632 1793 in
1643 1747 1693 1815 eng

343 1812 425 1908 dem
437 1818 547 1921 plano·
556 1812 747 1894 absolvetur
764 1877 775 1911 ,
803 1814 844 1891 ad
858 1814 950 1921 qnod
964 1821 1031 1888 axia
1046 1816 1229 1916 gyrationis
1248 1811 1372 1915 ubique
1386 1820 1451 1891 erit
1465 1818 1641 1899 normalis.

860 1985 1107 2059 COROLn
1158 2002 1189 2062 a

448 2113 521 2183 610.
545 2104 644 2179 idern
658 2113 780 2193 evenit,
796 2104 944 2209 fiprima
957 2106 1102 2180 dirodio
1118 2107 1240 2181 motua‘
1253 2114 1361 2184 centri
1380 2115 1522 2188 inertiae
1537 2114 1642 2193 fuerit
1655 2112 1700 2193 td

348 2230 445 2279 arena
460 2214 645 2309 gyratiouia
659 2206 846 2301 normalia3
873 2224 944 2281 tum
959 2214 1051 2281 enim
1069 2210 1258 2283 constanter
1273 2216 1309 2283 in
1327 2210 1430 2312 plano
1453 2214 1494 2289 ad
1516 2244 1617 2303 arem
1636 2244 1694 2322 gya

348 2314 490 2384 rationis
506 2308 650 2384 normali
668 2330 801 2383 motum
814 2306 1131 2385 suumcoutinuabit.
1181 2314 1283 2385 secus
1292 2332 1403 2387 autem
1416 2318 1576 2408 evenit,s1
1590 2329 1690 2423 prima
1729 2332 1731 2343 ¹

206 2494 212 2505 ¹
348 2430 463 2487 motus
480 2409 678 2514 progreffivi
696 2409 924 2487 dirediioeum
933 2437 993 2486 axe
1008 2417 1194 2514 gyrationis
1210 2414 1371 2516 angulmn
1382 2413 1688 2527 seceritxobliqunru.

862 2582 1108 2656 tonora.
1154 2607 1183 2673 3.

452 2710 516 2781 611.
543 2706 662 2779 Motus
679 2729 763 2804 ergo
774 2711 963 2806 gyratorina
984 2731 1025 2778 ex
1047 2722 1225 2779 momento
1239 2713 1289 2782 vir
1313 2706 1518 2786 sollicitantia
1535 2714 1587 2793 ln
1604 2714 1686 2819 qnod

349 2806 396 2879 eit
417 2838 455 2877 =
468 2809 539 2898 Vf,
565 2826 678 2878 motus
697 2826 807 2879 autern
819 2804 1043 2909 progrcss'rvus
1060 2833 1102 2880 ex
1115 2803 1183 2906 ipsa
1197 2811 1260 2881 hac
1284 2817 1318 2882 vi
1341 2812 1444 2901 Kk=
1456 2817 1488 2884 V
1509 2820 1557 2888 ita
1578 2818 1684 2893 defini·

344 2922 420 3003 tur,
444 2904 535 3008 quali
555 2908 638 2978 hacc
657 2911 706 2977 vis
722 2912 757 2978 in
769 2903 825 2978 sua
840 2905 1026 2981 diredlione
1041 2907 1103 3009 ipli
1116 2929 1236 2984 centro
1251 2916 1390 2987 inertiae
1406 2915 1571 3025 applicata
1586 2914 1667 2996 ell'et.

808 3076 1127 3173 ¹attonitam,
1174 3082 1232 3172 5⁶:

447 3208 514 3281 612.
543 3208 578 3278 Si
594 3208 732 3307 corpori
749 3204 861 3311 rigido
877 3206 1050 3310 impreffns
1065 3209 1169 3289 fuerit
1186 3234 1298 3289 motus
1312 3224 1434 3295 mixtus
1445 3223 1495 3297 'ex
1518 3222 1684 3329 progredi·

350 3329 397 3380 vo
409 3322 444 3379 et
460 3313 634 3409 gyratorio
649 3313 737 3379 circa
754 3318 947 3413 quempiam
962 3338 1059 3386 axem
1073 3316 1292 3415 principalem
1306 3378 1321 3409 ,.
1343 3320 1444 3424 idque
1463 3328 1623 3430 deinceps
1631 3326 1686 3403 sol·

351 3406 500 3483 licitetnr
519 3415 640 3510 partim
660 3437 677 3481 a
694 3413 848 3501 viribus,
873 3439 1016 3515 quarum
1036 3416 1146 3489 media
1171 3420 1313 3511 dircdlio
1333 3451 1394 3522 per
1417 3424 1529 3527 ipsum
1546 3448 1687 3505 centrum

350 3515 493 3584 inertiae
508 3510 647 3600 tronfit,
671 3520 792 3610 panim
809 3540 892 3587 vero
907 3517 946 3588 ab
968 3516 1131 3612 ejusmodi
1149 3522 1285 3610 viribua,
1301 3552 1443 3623 quornm
1464 3526 1612 3607 directio
1627 3556 1687 3607 mc·

350 3607 405 3681 dia
419 3618 455 3685 in
469 3611 569 3709 plano
586 3639 646 3712 per
661 3633 816 3687 centrum
830 3621 969 3691 inertiae
982 3620 1181 3697 normaliter
1204 3621 1247 3695 ad
1254 3650 1358 3727 ,axem
1372 3624 1577 3729 ,transeunte
1592 3626 1700 3727 uaria,

352 3729 412 3786 tur
421 3742 434 3804 3
463 3710 686 3789 determinare
700 3735 834 3791 motum
849 3726 1016 3820 corporis.

879 3874 1166 3949 sortitio.

454 4012 564 4108 Hujus
580 4016 793 4115 problematis
814 4015 938 4094 solutio
950 4020 1069 4123 sponte
1087 4053 1129 4102 cx
1141 4029 1362 4127 praecedente
1380 4036 1483 4129 fluit,
1508 4014 1689 4117 dnmmodo

351 4106 487 4212 insuper
504 4122 591 4189 ratio
602 4118 763 4193 habeatur
778 4126 931 4212 virium,
952 4153 1095 4226 quarum
1111 4127 1221 4203 media
1240 4130 1383 4209 dircdlio
1403 4138 1600 4240 peripsum
1622 4166 1699 4219 cert·¹

355 4232 448 4287 trum
461 4223 599 4291 inertiae
614 4219 751 4309 transit,
780 4242 814 4296 et
825 4227 943 4325 quibus
966 4227 1075 4303 solnm
1096 4252 1228 4305 motum
1250 4238 1495 4340 progrelllvnm
1509 4243 1600 4319 affici
1616 4242 1687 4319 vidi·

353 4340 438 4409 mur.
488 4320 600 4417 Quare
615 4348 679 4422 pro
693 4341 789 4395 motu
805 4331 1013 4426 progressivo
1029 4331 1284 4410 determinando
1304 4362 1435 4437 praeter
1459 4351 1554 4419 vires
1569 4356 1691 4449 priores¹

269 4490 280 4499 ,
352 4434 471 4496 centro
488 4424 629 4499 inertiae
643 4448 705 4528 per
721 4420 755 4501 sc
771 4426 970 4530 applicatas,
995 4430 1105 4508 eidem
1120 4457 1246 4537 'centro
1268 4438 1402 4546 insuper
1416 4448 1604 4550 applicatae
1619 4472 1683 4523 coa·

1580 4557 1684 4653 cipian-
