4092 5134
477 402 556 493 nn
581 400 792 493 Morus
810 400 1121 527 ornnroun
1141 403 1589 515 :oanmarroun
1656 441 1729 527 ¹47

883 596 1136 667 conara.
1185 621 1213 687 3.

470 718 539 789 377.
563 694 748 769 Sin'autem
761 690 1000 872 nisssollpcpans
1021 697 1052 764 V
1069 700 1113 766 ita
1124 691 1229 769 suerit
1247 656 1430 798 applicata,
1452 717 1490 769 ut
1505 707 1573 772 axis
1588 702 1621 773 0
1634 702 1672 773 ab
1684 730 1723 775 ea

357 872 432 925 non
452 846 638 936 afficiatur,
662 846 706 920 ob
715 850 790 947 f:
805 876 947 969 Ῑόῖ
964 902 973 933 ,
1003 846 1125 919 lamina
1149 852 1359 951 ternpusculo
1375 852 1413 925 rit
1424 878 1486 952 per
1499 852 1656 951 angulum
1671 854 1721 926 do

783 982 914 1061 ngr2

354 1052 534 1131 vertetur,
560 1054 598 1106 ut
611 1034 649 1107 srt
661 1036 710 1109 du
728 1064 767 1104 τε
783 1064 929 1151 ῆς
956 1033 1116 1133 pundlum
1130 1042 1239 1139 ergol
1253 1036 1393 1141 perinde
1410 1046 1544 1112 moveri
1562 1044 1714 1137 incipiet,

356 1198 395 1244 ac
413 1170 438 1245 sr
459 1190 527 1243 tota
541 1166 641 1244 melsa
656 1172 702 1244 ibi
717 1166 797 1245 effer
813 1169 978 1259 eollesla,
1007 1200 1111 1275 eaque
1131 1177 1170 1247 ab
1183 1175 1300 1251 eadem
1317 1186 1352 1252 vi
1372 1185 1402 1251 V
1417 1178 1663 1256 sollicitaretur.

846 1342 1231 1419 EXPLICATIO.

459 1478 531 1559 378.
567 1461 839 1539 Fundamentum
863 1462 959 1554 hujus
984 1456 1161 1533 solutionis
1182 1464 1233 1534 isli
1255 1470 1374 1537 nititur·
1422 1474 1593 1569 rincipio,
1617 1462 1710 1569 quod
1838 1478 1846 1495 '

359 1572 460 1653 aires',
479 1592 622 1666 quarum
637 1582 810 1659 morarenta
826 1558 978 1661 resper‘lu
993 1568 1061 1633 axis
1075 1570 1261 1663 gyrationie
1285 1565 1318 1639 se
1339 1494 1537 1667 delliunnr,
1562 1576 1597 1640 in
1612 1595 1708 1639 axem
1912 1578 1914 1585 '

355 1664 504 1743 eundem
521 1662 679 1739 effectum
698 1685 845 1751 exerant,
860 1690 897 1733 ac
915 1660 938 1733 sr
956 1664 1019 1734 hae
1035 1670 1123 1736 vires
1143 1663 1202 1763 ipli
1218 1673 1269 1737 axi
1287 1666 1478 1741 immediate
1490 1678 1525 1741 iu
1538 1670 1602 1740 suis
1619 1668 1707 1740 dire-

356 1768 522 1840 siionibns
540 1765 643 1841 essent
659 1764 847 1866 applicatae.
900 1761 1002 1862 Qiod
1019 1763 1145 1837 etiamsi
1164 1772 1199 1853 in
1215 1764 1282 1866 ipsa
1298 1766 1464 1842 solutione
1481 1767 1555 1841 satie
1570 1768 1609 1841 sit
1625 1796 1706 1841 con-

354 1868 554 1957 firmatum,
591 1890 770 1971 propterea
794 1861 886 1967 quod
912 1870 999 1938 vires
1025 1862 1283 1967 evanescentes,
1314 1897 1455 1971 quarum
1481 1890 1654 1959 momenta
1675 1866 1708 1940 se

357 1968 558 2059 destruunt,
585 1971 675 2044 reete
689 1966 814 2069 negligi
831 1959 1000 2065 possunt3
1038 1985 1150 2040 tamen
1178 1968 1325 2071 siquem
1350 1968 1577 2047 evanescentia
1600 1991 1633 2043 et
1657 1968 1705 2041 di-

356 2073 471 2145 ssantia
489 2072 628 2160 infinita,
650 2067 806 2171 adquam
826 2072 889 2139 hae
912 2073 999 2139 uires
1021 2068 1202 2169 applicatae
1227 2069 1501 2161 considerantur,
1522 2068 1708 2157 offendant,

354 2170 449 2246 idern
465 2170 532 2245 alio
549 2173 652 2246 modo
669 2164 843 2245 oslendilse
866 2170 1001 2263 juvabit.
1051 2174 1128 2243 Sint'
1143 2198 1227 2273 ergo
1242 2180 1276 2245 in
1292 2170 1414 2246 eodem
1438 2175 1540 2273 plano
1558 2172 1642 2247 duae
1660 2179 1708 2245 vi·

351 2280 410 2348 ¹res
427 2274 471 2347 Bb
487 2292 520 2345 et
536 2278 606 2362 Cr,
633 2301 773 2376 quarum
789 2290 960 2343 momenta
978 2265 1130 2369 respeslu
1155 2275 1267 2370 puneli
1286 2276 1318 2344 0
1337 2273 1369 2348 se
1391 2274 1583 2362 dellru'anr,
1607 2284 1652 2347 ita
1670 2293 1708 2345 ut
1735 2264 1873 2367 Fig.40.

356 2374 465 2449 dudlis
487 2380 521 2446 iu
537 2402 651 2448 earum
668 2373 870 2447 diredlioues
887 2374 973 2443 exo
1005 2368 1251 2473 perpendiculis
1277 2377 1335 2447 Oli
1357 2394 1391 2448 et
1415 2380 1477 2448 OC
1498 2374 1610 2453 sttlli.
1651 2379 1709 2447 OB

355 2478 467 2551 :Cn
498 2478 561 2551 OC
579 2473 635 2550 seu
658 2476 725 2551 Bb:
757 2474 1063 2549 Cc=00201a
1137 2478 1352 2548 Concursant
1371 2504 1484 2551 earum
1506 2478 1709 2551 directiones
1750 2498 1756 2509 “

355 2586 392 2650 ἱη
409 2582 437 2649 E
455 2636 464 2664 ,
493 2578 694 2680 eaedemque
714 2584 801 2651 vires
818 2572 907 2677 quali
924 2574 1050 2672 pundlo
1066 2578 1097 2646 E
1111 2576 1292 2674 applicatae
1306 2586 1436 2679 concipi
1458 2575 1611 2677 possunt,
1635 2600 1710 2649 tum

352 2702 468 2752 autern
486 2678 615 2752 dabitur
629 2706 694 2749 una
708 2683 754 2749 Ee
770 2677 834 2745 illis
853 2673 1179 2769 aequivalena,cnjus
1197 2674 1339 2747 diredlio
1349 2704 1409 2774 per
1427 2676 1535 2773 ipsum
1548 2681 1709 2775 puntlutn

356 2786 389 2855 0
405 2774 587 2852 necessario
602 2775 716 2849 transit
733 2828 743 2858 ‚
767 2773 917 2869 alioquin
932 2774 1022 2841 euim
1040 2769 1117 2843 inde
1138 2793 1353 2847 momentum
1377 2773 1529 2875 respedlu
1548 2782 1580 2849 0
1600 2785 1707 2851 orire·

314 2948 320 2953 .
353 2894 411 2955 t'ur
429 2898 546 2951 contra
562 2872 772 2976 hypothesin.
835 2866 937 2959 Quod
956 2874 1056 2942 etiarn
1078 2871 1120 2944 fic
1140 2870 1399 2953 demonstratur.
1461 2878 1512 2953 Sit
1536 2882 1581 2949 Ee
1598 2878 1709 2951 media

353 2982 500 3059 direrlio
519 2985 630 3051 uirrun
643 2974 687 3050 Bb
709 2994 742 3049 er
758 2980 803 3049 Cc
818 2979 852 3045 in
866 2975 895 3042 E
911 2970 1148 3071 applicatarum
1164 3032 1174 3063 ,
1199 2982 1264 3047 erit
1283 3004 1344 3078 per
1369 2972 1612 3053 resolutionem
1628 2988 1708 3053 uiri·

353 3112 414 3158 um
433 3079 476 3152 Bb
491 3100 513 3157 τ·
527 3082 573 3152 Cc
585 3100 623 3150 2
633 3082 679 3161 fin
693 3101 731 3153 rr
749 3080 802 3166 βπ
816 3100 867 3171 μς
893 3096 925 3145 at
944 3072 1061 3146 eadem
1075 3080 1161 3148 ratio
1177 3076 1263 3151 valet
1279 3128 1290 3169 ,
1313 3078 1338 3151 li
1359 3084 1406 3151 Ee
1427 3106 1488 3179 per
1503 3083 1535 3153 0
1553 3080 1705 3173 transeat,

354 3190 515 3287 qnoniam
536 3180 580 3255 esi
589 3183 649 3272 fir
671 3205 680 3251 τ
708 3181 744 3271 fi
755 3200 785 3270 μ
798 3206 835 3242 =
849 3176 934 3249 OCt
967 3179 1080 3247 OB:
1101 3174 1171 3257 Bi:
1198 3184 1253 3256 Cc.
1309 3184 1400 3254 Hine
1425 3188 1473 3254 νῐε
1497 3184 1706 3285 aequivalens

352 3294 401 3361 Ee
415 3279 505 3384 quasr
520 3290 555 3355 in
572 3283 604 3352 Ο
618 3276 779 3379 applicata
794 3273 995 3365 confiderari
1009 3278 1117 3377 potesl
1132 3332 1143 3364 ,
1161 3304 1251 3378 quae
1264 3276 1303 3347 sn
1319 3285 1376 3355 Οω
1393 3310 1402 3355 :
1432 3288 1486 3352 cui
1505 3310 1588 3385 ergo
1605 3292 1706 3357 ctiam

353 3394 442 3461 ares
460 3380 516 3458 OC
530 3403 563 3457 et
581 3384 640 3472 Ογ
655 3376 731 3479 ipsis
747 3373 790 3450 Bb
806 3395 838 3449 et
855 3378 902 3447 Cc
915 3376 1064 3477 aeqnales
1089 3378 1341 3477 aequivalebunt
1359 3409 1368 3459 z
1393 3380 1503 3481 licque
1530 3384 1608 3456 loco
1626 3391 1705 3457 viri.

309 3556 314 3565 .
353 3516 414 3563 um
430 3488 473 3561 Bb
489 3504 520 3559 et
537 3488 582 3556 Cc
597 3480 686 3552 resle
702 3474 894 3550 subslituere
909 3476 985 3551 licet
1000 3484 1089 3553 vires
1104 3478 1162 3556 ΟΕ
1174 3500 1208 3555 et
1224 3484 1282 3581 oy
1299 3481 1372 3584 ipsis
1391 3480 1541 3655 aepuales
1557 3506 1589 3557 et
1603 3481 1637 3557 in
1655 3491 1704 3587 ip·

352 3586 392 3671 so
431 3589 533 3661 ouslo
550 3578 782 3679 Oapplicaras.
833 3580 906 3650 Hac
931 3584 1035 3680 igitur
1048 3576 1330 3659 dentonslratione
1347 3586 1426 3659 vicis
1439 3610 1486 3655 nn
1500 3592 1704 3691 principium

406 3616 574 3766 lolntione
591 3678 786 3782 usurpatum
801 3698 891 3753 extra
913 3676 1052 3755 dubium
1067 3682 1264 3759 collocatur.

1918 2140 1937 2191 J

355 3719 392 3767 rn

859 3834 886 3905 S
902 3837 929 3911 C
943 3838 978 3905 H
997 3838 1021 3907 0
1036 3840 1062 3911 Ι,
1075 3840 1096 3909 s
1107 3841 1132 3909 O
1146 3845 1188 3911 N.

458 3960 533 4033 379.
559 3933 853 4011 Notatu'ornnino
870 3930 987 4029 dignus
1005 3936 1050 4006 esl
1076 3934 1191 4027 casus,
1222 3965 1289 4038 quo
1315 3944 1362 4009 vis
1379 3962 1501 4038 corpus
1526 3934 1702 4008 sollicitam

353 4040 566 4117 nullam'vim
586 4044 621 4111 in
634 4062 729 4111 axem
745 4038 928 4135 gyrationis
946 4042 1077 4123 exerit,
1107 4046 1165 4138 qui
1188 4064 1271 4139 ergo
1295 4036 1438 4137 sponte,
1464 4035 1543 4109 dum
1558 4044 1606 4109 vis
1621 4033 1702 4111 esse-

309 4172 312 4177 ⁴
354 4144 447 4213 etum
464 4166 598 4214 exerere
613 4146 750 4239 incipit,
779 4140 941 4231 inquiete
966 4140 1122 4211 manebit.
1171 4143 1249 4225 Quo
1271 4142 1360 4213 hamc
1384 4134 1496 4212 casum
1519 4147 1700 4211 aceruatim
1729 4142 1861 4245 Fig.'39,

354 4230 595 4343 cognoscamur
620 4298 630 4331 ,
660 4246 696 4311 in
718 4238 808 4311 reeta
832 4238 880 4306 01
910 4236 949 4305 ab
969 4264 1028 4309 axe
1051 4242 1083 4309 Ο
1106 4265 1168 4338 per
1184 4262 1334 4315 centrum
1352 4244 1489 4315 inertiae
1505 4244 1521 4309 l
1540 4236 1701 4338 producta

1271 4339 1407 4419 srrdlls

353 4398 495 4499 quaerit
678 4392 755 4497 lum
902 4385 1249 4493 litdislantiaOHp
1275 4422 1441 4511 Ῑόῖς
1495 4412 1565 4463 tum
1614 4396 1705 4459 enirn

313 4508 422 4631 §inp
454 4530 457 4535 ’
990 4530 1028 4599 Τ
1054 4553 1071 4597 a
1605 4548 1704 4621 quae·
