4092 5134
195 356 210 378 ”
294 354 415 493 '130
520 322 803 492 -cnuuvn
859 370 937 465 nu
952 360 1539 479 uovuuvunuouo-
1630 446 1634 463 .

354 656 437 738 tur,
485 648 525 725 ab
552 673 591 723 ea
631 654 699 723 axis
738 652 810 725 vim
829 642 1023 723 ·-sullineret
1064 658 1104 717 ὲ.-
1140 591 1217 783 g,
1244 643 1305 744 M,
1337 641 1388 713 01
1418 586 1454 712 in
1493 628 1613 709 eadem
1647 628 1703 705 dis

357 790 511 865 rectione
546 790 608 862 01.
1159 760 1165 777 '

841 890 974 962 COR
1001 888 1073 961 OL
1099 887 1137 959 Ι..
1192 906 1225 974 3.
1371 922 1375 929 ·

409 1058 411 1067 '
459 1064 527 1133 335.
551 1044 630 1113 Axis
645 1064 763 1141 ergon
783 1039 905 1113 lamina
927 1034 1071 1112 eundem
1093 1040 1164 1109 vim
1187 1026 1350 1121 sustinet}
1373 1053 1411 1102 ac
1435 1024 1547 1103 litota
1568 1026 1714 1099 laminae
1746 1030 1751 1039 '

358 1134 459 1213 mana
487 1146 523 1213 in
543 1162 660 1215 centro
684 1146 825 1215 inertiae
842 1136 921 1215 ellet
946 1136 1115 1225 collecta,
1145 1160 1250 1235 eaque
1272 1139 1346 1233 pori
1366 1130 1536 1205 celeritate
1561 1124 1715 1229 ungulrri

271 1309 274 1321 ,
360 1242 450 1312 circa
466 1240 610 1315 eundem
628 1269 722 1317 axem
737 1242 996 1331 revolveretur,
1023 1242 1233 1341 quaencentri
1245 1238 1392 1336 ⁸inertiae
1413 1256 1503 1307 nova
1523 1234 1715 1333 proprietas

274 1364 276 1369 ·
362 1350 642 1439 notatumaxime
666 1346 712 1441 5ss
730 1340 843 1445 digno.

870 1506 1130 1581 conoul.
1181 1502 1224 1595 4⁸

465 1641 539 1729 336.
565 1638 600 1709 Si
618 1642 628 1707 i
654 1631 800 1710 itur'nxis
815 1641 900 1737 peri
926 1633 997 1709 sum
1013 1654 1171 1711 centrum
1185 1635 1335 1710 inertiee'
1350 1636 1367 1706 1
1392 1630 1540 1707 luninne'
1552 1628 1717 1725 transiret,

367 1734 409 1813 ad
427 1764 567 1839 cunque
588 1660 668 1810 elffet
693 1664 975 1839 perpendicussrir
999 1796 1010 1829 ,
1053 1738 1168 1833 obul
1188 1770 1229 1809 =
1250 1762 1294 1825 0,
1329 1740 1396 1808 axis
1419 1761 1439 1825 a
1460 1754 1558 1807 motu
1575 1732 1719 1805 laminae

368 1837 494 1914 nullam
509 1838 607 1939 plane
624 1844 694 1909 vim
712 1836 873 1929 sentiret,
906 1865 1017 1942 neque
1045 1866 1129 1941 ergo
1151 1838 1219 1913 ulla
1235 1843 1271 1911 vi
1289 1828 1527 1941 opurell‘emd
1538 1860 1635 1909 exem
1650 1836 1716 1907 im·

368 1958 502 2013 motum
530 1936 754 2013 retinendum.

892 2056 1215 2131 Srnonrou.

922 2206 959 2251 er
982 2199 1138 2255 centrum
1159 2185 1300 2255 inertiae
1322 2177 1462 2269 tranfit',
1486 2196 1555 2253 tam
1574 2175 1724 2249 firmiter

375 2285 463 2359 intra
475 2280 551 2357 snos
567 2282 717 2357 cardines
725 2284 874 2381 {retineri
889 2206 988 2357 debet
1005 2338 1015 2369 ,
1046 2301 1083 2354 ut
1103 2288 1140 2355 vi
1163 2279 1337 2385 affignatre
1356 2284 1503 2359 resistere
1519 2277 1644 2365 valent,
1666 2300 1725 2349 ne·

375 2412 443 2487 que
457 2412 604 2487 unquam
616 2386 655 2459 ab
673 2412 710 2458 ea
726 2380 768 2456 de
786 2381 848 2455 [itu
862 2380 923 2458 suo
944 2382 1112 2456 dimoveri
1131 2382 1240 2483 pollit.
1289 2390 1380 2460 Cum
1404 2402 1516 2459 nutem
1533 2376 1602 2481 ipsa
1623 2380 1723 2471 hujus

281 2488 284 2501 ”
377 2494 428 2558 vis
451 2484 594 2561 directio
610 2493 645 2558 in
661 2511 782 2589 gyrum
799 2504 941 2587 agatur,
962 2480 1206 2587 quaqtmversus
1235 2490 1301 2558 curie
1327 2492 1366 2558 in
1387 2480 1447 2559 suo
1462 2482 1525 2557 fitu
1546 2487 1581 2555 vi
1602 2474 1724 2553 suffici,

379 2592 449 2660 enti
464 2594 600 2662 retineri
617 2586 741 2664 debet:
769 2612 807 2659 ac
829 2582 1041 2687 perspicuum
1062 2582 1201 2687 quidem
1221 2586 1280 2671 cll,
1301 2612 1342 2659 eo
1359 2596 1488 2684 umjore
1504 2590 1537 2657 vi
1560 2608 1642 2685 opus
1657 2574 1726 2653 ell'e

378 2688 419 2761 ad
434 2714 531 2762 axem
547 2688 787 2782 retinendum„
810 2714 879 2786 quo
901 2694 1006 2788 iringis
1022 2708 1175 2759 centrum
1191 2694 1329 2760 inertiae
1353 2690 1393 2760 ab
1412 2684 1576 2761 eodiller.
1626 2685 1726 2754 Prae-

379 2808 472 2865 terea
487 2814 570 2865 vero
584 2793 666 2867 hoec
682 2796 731 2862 vis
748 2788 1009 2886 proportionalis
1025 2788 1072 2861 eil
1086 2782 1207 2861 mallee
1227 2786 1369 2863 luminae
1383 2808 1418 2864 et
1432 2785 1595 2891 quadrato
1605 2782 1727 2856 celeri·

378 2898 455 2965 tetis
469 2919 509 2965 an
535 2891 644 2965 ularis.
694 2895 857 2961 Ceterum
873 2892 930 2961 hic
946 2884 1062 2976 casue,
1084 2915 1155 2988 quo
1168 2915 1290 2988 corpus
1306 2909 1344 2962 ut
1357 2890 1515 2963 laminam
1531 2885 1664 2961 infinite
1679 2904 1729 2957 tc·

380 3018 485 3067 nuem
501 2918 612 3063 dumus
626 2987 860 3087 contemplati,
882 3014 944 3059 nos
960 2985 1154 3061 manuducit
1167 2987 1208 3062 nd
1222 3016 1368 3091 corpore
1382 3012 1618 3093 quaecunque,
1641 3011 1729 3087 quo·

381 3100 473 3166 uiam
487 3086 595 3164 diviso
613 3115 758 3189 corpore
781 3114 841 3186 per
855 3084 1018 3161 sectiones
1039 3086 1081 3160 ad
1103 3114 1198 3163 axem
1218 3092 1389 3164 normales
1406 3096 1441 3165 in
1466 3092 1613 3165 infinitas
1634 3086 1728 3159 lami·

383 3218 441 3266 nas
460 3249 470 3281 ,
491 3196 576 3264 vires
597 3193 677 3262 hinc
694 3248 704 3279 ,
729 3190 847 3293 quibus
862 3195 930 3261 onie
945 3196 980 3260 in
1000 3188 1135 3289 singulis
1174 3198 1282 3265 unctis
1299 3192 1493 3267 lollicitatur
1510 3248 1522 3289 ,
1541 3186 1640 3262 sacile
1656 3186 1728 3261 col·

384 3292 544 3395 liguntur.
609 3294 744 3363 Totum
774 3286 897 3362 scilicet
920 3296 1095 3389 negotium
1118 3220 1172 3365 ad
1192 3300 1426 3367 inventionem
1453 3297 1560 3367 centri
1587 3296 1730 3362 inertiae

383 3402 558 3496 cujusque¹
571 3390 717 3494 laminae,
732 3388 930 3469 reducitur:
967 3416 1089 3465 verum
1112 3394 1182 3469 alio
1201 3390 1418 3497 modolranc
1434 3395 1729 3497 investigationem

385 3514 563 3569 tentemur.

473 2205 543 2279 337.
569 2177 696 2281 Quodsi
714 2185 781 2253 mir
803 2204 874 2252 non

800 3611 1226 3691 rnonurnn
1283 3644 1315 3711 φ

481 3745 552 3823 338.
576 3734 611 3803 Si
624 3756 745 3831 corpus
761 3728 908 3903 siffidum
924 3739 1010 3807 circa
1025 3762 1124 3811 axem
1139 3740 1204 3813 ΟΛ
1220 3739 1439 3816 uniformiter
1458 3756 1612 3843 gyretur,
1629 3740 1729 3824 vires,

381 3840 544 3939 quaemus
560 3828 719 3918 sustinet,
748 3836 784 3903 in
814 3859 962 3909 ultumam
979 3836 1168 3941 colligere,
1193 3840 1249 3915 vel
1272 3844 1314 3919 ad
1340 3842 1421 3919 duee
1440 3850 1531 3917 vires
1550 3839 1729 3927 reducere,

383 3936 506 4041 quibus
526 3938 595 4007 exie
619 3926 829 4015 sollicitetur.
1539 3931 1550 3948 “

110 3760 115 3767 ’
222 3784 360 3895 run

904 4106 1204 4187 sotum.

481 4228 571 4300 Cum
583 4223 840 4326 exe'gyrationie
864 4226 928 4301 ΟΛ
953 4236 1248 4331 conjungentium
1269 4226 1408 4299 Obinne
1423 4224 1631 4299 directricee
1645 4246 1731 4295 nor·

373 4327 476 4403 rurales
493 4332 550 4405 ΟΒ
565 4350 599 4405 et
615 4330 678 4403 OC
694 4384 707 4427 ,.
729 4326 846 4427 quibus
863 4354 926 4425 pro
949 4328 1132 4407 elemento
1157 4326 1312 4429 corporis
1328 4334 1364 4401 in
1386 4332 1437 4415 Z,
1459 4332 1553 4423 cujus
1570 4316 1672 4397 ninil'u
1693 4320 1736 4395 fit

372 4433 469 4535 ΑΜ,
501 4428 751 4537 denotenteM
773 4422 910 4505 mss‘un
928 4434 1033 4504 totiur
1059 4434 1257 4536 commit,
1289 4428 1469 4535 pervllelre
1490 4426 1734 4601 redimant
