4092 5134
358 423 408 508 72
580 334 824 517 curur-
863 386 942 476 tv.
1078 387 1158 475 na
1194 386 1481 479 uuusuuts

360 590 479 665 cultate
496 585 644 675 laboret,
671 581 848 685 quomodo
862 604 1007 685 quatuor
1024 584 1152 686 reliqua
1167 611 1226 685 per
1247 582 1414 660 mensuras
1436 589 1586 687 cognitas
1610 582 1709 685 aptis·

359 691 440 766 sime
455 682 489 760 in
513 687 676 761 calculum
695 684 968 774 introducantur,
1003 692 1109 789 iisque
1131 694 1374 761 convenienter
1396 689 1547 768 litterati
1569 686 1729 762 definio..

360 813 413 866 tur
423 851 432 883 ,
459 787 719 893 insequentibus
737 787 977 891 hypothesibus
994 788 1200 861 stabiliamus.

796 943 1195 1017 HYPOTHESIS.
1245 963 1270 1011 1.

462 1070 522 1137 ¹9¹·
563 1046 654 1117 Vires
680 1043 888 1142 sollicitantes
925 1063 986 1143 prr
1015 1043 1157 1145 pondera
1183 1043 1250 1115 illis
1283 1045 1427 1147 aequalia
1453 1043 1626 1135 corrstemer
1656 1064 1710 1141 ruff

355 1156 541 1255 alamanus.

463 1417 532 1487 ¹92·
562 1395 655 1463 Haec
678 1396 803 1462 virium
829 1393 990 1487 expreffio
1008 1419 1069 1492 per
1090 1389 1241 1492 pondera
1268 1387 1395 1462 nullam
1416 1391 1514 1463 habet
1537 1386 1739 1469 difficultas

364 1514 453 1584 tem,
482 1520 558 1566 cum
576 1500 666 1566 enim
686 1490 815 1589 p'oudus
833 1503 992 1595 cujusque
1013 1499 1167 1592 corporis
1182 1492 1221 1566 sit
1239 1499 1310 1582 vis,
1331 1494 1445 1593 quaid
1467 1489 1626 1565 deorsum
1649 1490 1712 1568 sol-

366 1602 530 1684 licitatur,
554 1604 641 1667 vires
661 1590 874 1667 sollicitantes
890 1616 923 1669 et
942 1595 1094 1695 pondera
1116 1591 1191 1669 stunt
1210 1601 1414 1695 quantitateq
1426 1603 1516 1666 inter
1533 1592 1566 1667 se
1591 1598 1713 1668 borno·

256 1718 259 1727 '
367 1727 514 1804 geuene,
542 1716 575 1769 et
594 1722 822 1797 aquacunque
843 1705 873 1769 vi
892 1695 1027 1799 aliquod
1054 1724 1175 1799 corpus
1199 1693 1414 1783 sollicitetur,
1439 1695 1569 1795 semper
1591 1724 1652 1769 cor
1677 1724 1713 1771 us

368 1808 546 1900 concipere
564 1797 658 1883 licet,
683 1798 776 1898 quod
796 1805 831 1898 in
847 1796 1019 1898 superficie
1039 1819 1146 1871 terrae
1165 1796 1309 1897 positum
1326 1806 1395 1897 pari
1415 1805 1447 1868 vi
1468 1794 1626 1869 deorsum
1650 1725 1711 1873 sol·

321 1982 323 1987 ,
370 1906 573 1987 licitaretur3
602 1904 766 1998 liujusque
783 1908 937 1998 corporis
955 1900 1219 2001 pondissjrrllarri
1238 1901 1324 1973 illius
1342 1907 1389 1973 vis
1411 1896 1601 1972 mensuram
1622 1904 1713 1973 exhi·

370 2008 471 2080 bebit.
522 2004 566 2070 Et
582 1998 716 2101 quando
732 2004 879 2101 quaellio
897 2003 941 2074 ess
956 2003 997 2075 <le
1015 2022 1103 2076 tauta
1121 2007 1207 2089 ui,ut
1221 2002 1352 2074 nullum
1370 2029 1491 2101 corpus
1508 2007 1594 2073 circa
1607 2022 1714 2093 terrae

372 2103 583 2205 superficiem
603 2101 738 2175 exiliere
755 2101 869 2203 polllt,
900 2103 991 2206 quod
1008 2103 1143 2195 aequale
1159 2102 1288 2201 pondus
1305 2105 1460 2190 haberet,
1482 2099 1626 2175 sufficiet
1639 2102 1715 2177 nos·
1740 2148 1743 2153 ·

372 2205 418 2293 se,
436 2210 567 2305 quoties
583 2203 637 2274 illa
654 2210 702 2275 uis
719 2212 828 2297 iirajor
847 2203 897 2292 fit,
923 2198 1032 2304 quam
1041 2203 1172 2306 pondus
1189 2204 1312 2277 modici
1328 2211 1481 2305 corporis
1498 2212 1531 2277 iu
1546 2228 1653 2279 terrae
1668 2202 1717 2281 su-

373 2309 511 2417 perficie
527 2305 707 2396 exissentis3
737 2304 760 2376 si
779 2304 913 2405 quidem
931 2299 1009 2381 binc
1028 2313 1192 2410 quantitas
1211 2307 1297 2379 illius
1321 2315 1368 2378 vis
1395 2334 1498 2407 aeque
1525 2330 1616 2381 certe
1637 2306 1717 2382 defi·

373 2418 440 2484 niri
457 2412 593 2507 poterit.
659 2410 748 2477 Cum
764 2428 875 2481 autem
891 2438 981 2483 nuuc
999 2408 1135 2511 quidem
1153 2428 1364 2508 cunipertum
1380 2408 1438 2495 sit,
1464 2408 1579 2481 eadem
1596 2436 1717 2509 corpo·

371 2540 410 2587 ra
434 2519 468 2589 in
489 2508 644 2580 omnibus
670 2528 777 2580 terrae
801 2513 995 2608 regionibus
1019 2539 1089 2583 non
1112 2512 1244 2609 paribus
1269 2511 1392 2581 uiribus
1408 2504 1564 2581 deorsum
1581 2511 1728 2611 impelli,

374 2636 464 2687 certa
482 2606 644 2709 quaedam
669 2629 776 2682 terrae
803 2617 897 2711 regio
924 2611 965 2684 ad
991 2615 1076 2684 hanc
1106 2607 1296 2682 mensuram
1322 2611 1399 2711 eligi
1422 2610 1538 2695 debet,
1565 2609 1718 2712 adquam

374 2721 473 2789 etiam
491 2712 637 2811 reliquae
653 2708 827 2800 mensurae
845 2712 999 2813 deinceps
1018 2711 1232 2815 exponendae
1250 2709 1557 2784 accommodentur.
1626 2712 1719 2785 Nihil

375 2824 466 2890 enirn
487 2812 638 2901 interest,
672 2842 851 2913 quamnam
877 2823 1052 2916 regionem
1080 2813 1310 2901 adhibeamus,
1337 2810 1524 2885 dummodo
1546 2819 1579 2883 in
1604 2811 1719 2889 eadem

270 2915 326 2993 -2'
376 2922 623 3017 experimenta,
650 2916 768 3013 quibus
787 2912 959 3017 sequentes
973 2914 1145 2988 mensurae
1160 2922 1366 3003 imiituntur,
1390 2922 1574 3015 capiantur.
1673 2950 1676 2955 ·

801 3070 1207 3146 HYPOTllESlS,
1267 3089 1296 3135 2.

476 3189 544 3259 193.
570 3166 706 3259 Maffirm
726 3175 872 3265 cujusque
890 3178 1024 3267 corporis
1041 3189 1102 3267 per
1121 3167 1244 3264 pondus
1264 3174 1497 3269 exprimantur,
1532 3164 1617 3271 quod
1637 3164 1720 3239 idem

376 3281 412 3352 in
429 3278 554 3375 regione
569 3288 660 3347 tcrrae
676 3265 873 3357 constitutum
887 3269 958 3363 effer
973 3265 1164 3341 habiturum.

480 3540 551 3609 194.
574 3516 674 3587 Ratio
693 3515 789 3607 hujus
806 3514 978 3590 mensurae
996 3526 1031 3588 in
1057 3520 1124 3589 hoc
1150 3518 1195 3589 ett
1220 3513 1294 3605 fita,
1313 3513 1406 3618 qnod
1430 3512 1579 3613 pondera
1599 3538 1720 3617 corpo·

379 3646 456 3694 rum
474 3615 580 3690 nralsts
599 3645 718 3689 eorum
735 3618 796 3690 l'rut
808 3618 1095 3718 proportionaliat
1141 3645 1243 3718 quare
1269 3616 1399 3717 pondus
1423 3626 1579 3715 cujusque
1604 3642 1722 3717 corpo·

381 3730 426 3795 ris
443 3722 556 3815 juliam
572 3716 691 3791 massae
709 3726 778 3811 ejus
795 3717 984 3810 mensuram
1001 3719 1159 3820 praebere
1177 3718 1222 3800 ell
1238 3717 1448 3793 censendum.
1506 3716 1722 3811 Quiandoau·

271 3836 273 3841 '
383 3845 452 3895 tem
469 3820 617 3921 quaeslio
636 3821 680 3890 est
695 3816 735 3890 de
751 3820 856 3894 rriallrs
871 3848 1056 3919 corporum
1073 3841 1164 3892 extra
1176 3840 1297 3892 terram
1313 3815 1527 3907 versantium,
1554 3846 1592 3890 ea
1611 3816 1723 3891 saltem

382 3941 493 3997 niente
510 3927 545 3994 in
561 3940 695 4006 terram,
710 3942 743 3993 et
758 3949 830 3995 eam
847 3922 982 4025 quidem
998 3930 1067 4018 ejus
1083 3929 1279 4022 regionem,
1300 3919 1391 3994 unde
1411 3926 1535 3993 virium
1556 3916 1724 3994 mensuras

381 4022 568 4117 hausimus,
597 4017 671 4093 sunt
687 4023 926 4102 transferenda.
979 4028 1069 4096 Hinc
1085 4019 1184 4097 rnalsa
1201 4034 1426 4124 cujuscunque
1451 4029 1605 4122 corporis
1630 4024 1725 4095 nobis

382 4120 626 4201 mensurabitur
642 4126 815 4223 pondere,
835 4124 925 4230 quod
944 4123 1034 4198 idem
1048 4155 1183 4227 corpus,
1211 4125 1283 4198 siin
1297 4125 1352 4198 illa
1367 4130 1508 4227 regione
1525 4121 1605 4196 esset
1620 4124 1725 4197 collo·

353 4268 357 4285 ·
384 4248 515 4324 catum,
538 4225 685 4302 haberet.
736 4232 769 4297 si
788 4227 828 4300 de
845 4230 1043 4325 corporibus
1059 4247 1286 4328 quaereretur,
1298 4252 1381 4326 quae
1399 4230 1443 4299 ob
1462 4226 1726 4324 magnitudinem

387 4345 605 4401 arnenrorata
625 4353 661 4399 re
688 4332 765 4399 ioue
783 4336 854 4427 capi
870 4355 940 4399 nou
959 4322 1107 4424 pollent,
1138 4356 1174 4399 ea
1193 4354 1255 4424 per
1270 4348 1379 4427 partes
1397 4324 1499 4400 essent
1516 4328 1726 4400 consideran·

387 4427 428 4506 da
436 4458 449 4521 3
477 4424 638 4503 uel'adeo
661 4354 983 4530 subiicietlratiouent
1003 4422 1119 4515 uuile,
1145 4454 1246 4532 qtram
1272 4424 1374 4503 masta
1394 4434 1548 4533 corporis
1563 4427 1727 4531 propositi

1615 4550 1727 4607 teneat
