4092 5134
639 413 717 503 DE
747 402 1060 503 MOMENTO
1096 415 1381 504 lNEliTlAE.
1634 437 1693 524 ¹81

337 594 462 706 'fignire
480 604 571 691 lubet
583 610 601 693 -,“
619 598 777 705 quoniaiu
792 598 1159 707 urrunnprujetflioner
1180 612 1216 677 in
1242 604 1337 704 plana
1358 603 1532 706 sphaeram
1552 611 1686 709 inspuu-

340 707 401 781 &ir
432 712 459 778 A
487 723 521 779 et·
534 706 563 777 C
577 714 753 807 tangentia
770 734 829 807 per
845 709 949 782 retias
964 736 1008 781 eo
1025 706 1194 780 normales
1208 704 1313 791 sosiae
1329 704 1403 779 sunt
1425 705 1581 808 ellipscs‚
1607 738 1686 811 qua·

339 832 416 882 rum
432 827 545 923 centra
560 802 635 881 sunt
651 816 686 880 in
705 810 834 909 punt‘liu
850 814 878 883 A
895 830 927 881 et
943 815 983 883 C.
1035 815 1076 881 ln
1091 809 1301 909 projeiiione
1325 816 1416 883 enim
1443 811 1548 882 lineae
1568 816 1633 909 sse
1651 818 1687 885 iu

301 958 304 963 .
338 958 473 1079 planum
491 958 529 1032 ad
546 963 575 1030 A
594 977 733 1061 tangent
745 954 829 1071 satia
844 958 867 1031 sr
878 980 1021 1059 ponatur
1026 964 1064 1053 fi
1074 963 1129 1059 A}
1143 992 1181 1029 =
1196 988 1228 1033 m
1247 1018 1258 1051 ,
1287 966 1314 1035 Ιί
1330 967 1374 1037 Ar
1389 1000 1429 1034 :.
1441 992 1485 1051 u,
1516 982 1549 1035 ut
1569 933 1687 1081 ίῖῐΞ-ῑξι

414 1116 541 1155 rra-cc
811 1152 820 1166 ‚
1174 1153 1180 1167 ,
1359 1122 1364 1133 ·
1613 1122 1616 1128 ·

338 1182 380 1221 =
409 1182 558 1267 m,
572 1166 605 1220 et
622 1174 685 1249 pro
705 1147 820 1247 puuclr
837 1175 853 1219 r
868 1150 1080 1255 projeslione
1097 1142 1277 1247 abscissapiu
1294 1176 1326 1223 m
1345 1146 1449 1223 sumta
1473 1181 1511 1217 =
1531 1175 1556 1219 x
1569 1179 1607 1216 =
1621 1150 1657 1239 ſs
1672 1174 1689 1216 r

328 1272 453 1385 Ιβηφ,
479 1304 512 1357 et
527 1283 688 1384 applicata
704 1311 745 1358 eo
763 1286 922 1358 normalis
937 1322 976 1358 =
979 1315 1012 1384 y
1026 1272 1066 1357 ὲ
1070 1290 1108 1378 st
1118 1315 1139 1379 r
1154 1286 1213 1383 cos
1220 1290 1273 1379 φ,
1301 1286 1471 1357 habebitur
1495 1292 1582 1358 inter
1607 1313 1631 1356 x
1652 1306 1685 1357 et

327 1418 359 1490 y
375 1388 455 1462 baec
470 1391 624 1488 aequatio
640 1398 828 1474 natrix-pm
838 1414 869 1459 m
868 1416 900 1486 y
897 1414 1129 1484 yzmmnn,
1156 1386 1301 1487 quaeest
1316 1412 1380 1486 pro
1404 1386 1508 1487 ellipsr
1530 1404 1685 1459 centrum

312 1528 321 1543 κ
338 1498 374 1563 iu
387 1491 575 1563 A''habente
592 1546 602 1575 ,
632 1494 720 1579 cujus
737 1484 895 1561 semi-«ures
911 1484 984 1559 sunt
999 1515 1032 1563 m
1047 1506 1079 1559 et
1092 1517 1123 1561 n.
1174 1492 1315 1588 Parique
1331 1484 1436 1559 modo
1460 1488 1625 1587 projesiio
1645 1488 1683 1559 li-

337 1614 420 1667 neae
438 1591 531 1664 ds‘c‘
546 1594 579 1658 in
594 1589 726 1687 planum
744 1585 783 1660 ad
801 1590 830 1663 C
846 1609 982 1692 tangens
996 1586 1080 1661 sasla
1097 1596 1283 1686 reperietur
1297 1583 1362 1661 else
1378 1586 1507 1689 ellipsis.
1559 1592 1592 1661 Si
1611 1584 1682 1661 fue·

336 1701 383 1769 rit
402 1688 479 1764 Mul
493 1720 532 1758 =
546 1691 641 1779 Alce,
692 1718 736 1763 uo
759 1688 833 1763 casu
853 1693 1016 1793 pontium
1037 1694 1068 1763 E
1090 1697 1127 1765 in
1142 1695 1172 1765 C
1187 1686 1301 1779 cadit,
1326 1691 1432 1791 litque
1455 1696 1501 1762 Ac
1522 1720 1563 1759 a:
1583 1693 1635 1784 As
1649 1710 1683 1763 et

337 1822 370 1873 m
384 1825 422 1862 =
435 1820 481 1879 n,
507 1788 626 1893 ellipsis
643 1717 698 1862 illa
713 1792 780 1864 abit
795 1799 830 1865 in
845 1793 1033 1882 circulum,
1058 1800 1188 1898 eritque
1212 1780 1298 1867 linea
1315 1794 1382 1894 fre
1404 1789 1549 1865 circulus
1567 1794 1681 1865 minor

339 1903 426 1973 eirca
447 1892 566 1995 polum
574 1898 613 1993 ¹A
627 1890 819 1998 descriptus.

771 2128 775 2140 .
816 2066 843 2140 S
854 2066 932 2141 CH
942 2066 968 2139 0
984 2066 1009 2138 L
1025 2066 1047 2137 s
1057 2066 1136 2140 ΟΝ.
1188 2087 1217 2137 a.

443 2199 517 2291 463.
547 2194 840 2298 investigationem
866 2224 950 2301 ergo
978 2202 1145 2271 momenti
1167 2202 1307 2271 inertiae
1331 2223 1374 2272 eo
1399 2192 1619 2283 reduximus,
1646 2212 1683 2269 ut

338 2323 404 2399 pro
421 2296 568 2399 quolibet
576 2324 725 2399 ¹corpore
742 2299 913 2400 proposito
936 2296 1074 2373 sufficiat
1089 2318 1184 2373 terna
1205 2318 1378 2375 momenta
1402 2304 1542 2371 inertiae
1567 2295 1685 2371 delini·

338 2393 445 2489 vilse,
473 2424 557 2498 quae
572 2397 695 2473 scilicet
718 2396 823 2473 sumta
842 2398 905 2473 smt
917 2396 1070 2502 respedu
1089 2420 1267 2475 ternorum
1288 2408 1359 2497 ejut
1383 2402 1495 2473 arium
1514 2404 1682 2501 principa-

339 2498 434 2578 lium.
482 2504 544 2587 Hir
564 2509 654 2575 enim
674 2508 818 2602 cognitis
839 2500 1177 2577 facile-momentum
1195 2509 1335 2581 inertiae
1356 2500 1506 2597 ejusdem
1529 2506 1683 2601 corporis

338 2598 489 2703 respeslu
505 2603 811 2704 aliuscujuscuuque
829 2612 896 2677 axis
911 2632 971 2705 per
986 2614 1057 2699 ejus
1074 2626 1227 2678 centrum
1243 2611 1382 2679 inertiae
1400 2600 1616 2690 transeuntis,
1634 2622 1682 2674 at·

337 2730 403 2805 que
418 2707 497 2775 hinc
517 2732 623 2801 porro
638 2702 787 2797 respet‘lu
802 2703 946 2773 aliorum
961 2712 1115 2773 onmium
1129 2704 1176 2774 illi
1192 2702 1428 2795 parallelorum
1445 2702 1593 2800 assignari
1606 2724 1683 2801 pot·

337 2805 397 2879 esl.
447 2809 592 2901 Hocque
615 2798 720 2871 modo
744 2804 896 2871 inventio
917 2821 1171 2875 momentorum
1192 2807 1356 2888 inertiae,
1388 2827 1473 2903 quae
1494 2804 1593 2872 initio
1618 2828 1682 2901 pro

335 2909 463 3009 quovis
488 2928 633 3001 corpore
660 2899 749 3003 quast
770 2901 901 2974 infinita
924 2898 1123 2992 videbatur,
1149 2904 1292 2976 mirifice
1317 2909 1353 2974 iu
1377 2899 1615 3002 compendium
1637 2903 1685 2977 est

295 3082 297 3087 ,
335 3002 485 3079 redasla.
533 3008 704 3077 Praeterea
722 3029 805 3077 vero
820 3009 930 3077 notari
946 3024 1124 3094 meretur,
1151 3012 1187 3077 in
1203 3008 1272 3077 hoc
1286 3011 1428 3105 negotio
1450 3002 1539 3076 uliud
1557 3004 1684 3105 infigne

335 3105 544 3193 subsidium,
567 3113 659 3201 cujus
674 3132 739 3205 ope
760 3110 972 3179 momentum
999 3111 1141 3179 inertiae
1162 3097 1298 3202 alicujus
1320 3112 1475 3207 corporis
1498 3102 1596 3181 facile
1613 3107 1685 3179 col-

335 3209 414 3378 ligil
422 3207 529 3306 potest
560 3233 598 3282 ex
624 3213 807 3282 momentis
829 3216 898 3305 ejus
920 3214 1099 3313 partium,
1139 3207 1174 3281 id
1189 3204 1283 3312 quod
1301 3205 1459 3312 sequente
1477 3208 1684 3309 problemate
1761 3266 1769 3293 ,

336 3334 551 3412 expiremus.
1064 3320 1074 3337 ⁰

789 3432 1138 3526 turturum.
1195 3456 1242 3520 ει.

434 3601 512 3689 464.
538 3597 632 3669 Datis
649 3603 828 3670 mouentis
841 3603 986 3673 inertiae
1002 3596 1310 3700 (inarumcpartium
1334 3594 1485 3699 respesiu
1508 3606 1615 3674 axium
1634 3605 1683 3674 in·

337 3716 390 3772 ter
404 3694 438 3771 se
452 3697 689 3798 parallelorum
707 3756 717 3785 ,
752 3718 785 3771 et
799 3725 859 3798 per
870 3708 1027 3802 cujusque
1043 3722 1198 3777 centrum
1210 3708 1348 3776 inertiae
1363 3699 1610 3791 transeuntium,
1627 3709 1681 3775 in-

335 3804 452 3873 venire
466 3798 678 3873 momentum
693 3805 830 3873 inertiae
844 3808 949 3893 totius
965 3809 1120 3903 corporit
1134 3800 1288 3907 respeslu
1311 3807 1379 3875 axis
1398 3801 1464 3877 illis
1476 3803 1627 3907 paralleli
1646 3826 1682 3878 et

336 3928 397 4004 per
413 3904 508 3997 hujus
524 3921 680 3977 centrum
695 3907 834 3976 inertiae
851 3900 1075 4005 transeuntis..

864 4102 967 4176 SOL
988 4106 1022 4177 U
1039 4107 1104 4178 Tl
1119 4108 1152 4179 0.

440 4224 490 4294 Sit
506 4248 722 4325 ergocorpus
740 4208 963 4327 compositum
980 4251 1020 4297 ex
1029 4226 1160 4302 'duabus
1182 4226 1327 4333 partibus
1337 4226 1352 4317 ’,
1379 4254 1521 4332 quarum
1544 4232 1677 4306 alterius
1711 4243 1785 4347 fig,
1800 4266 1852 4341 50,

333 4313 437 4396 massa
450 4321 489 4393 lit
503 4328 601 4427 :Al
616 4330 739 4401 habens
755 4326 851 4403 suum
868 4350 1028 4423 centrum¹
1038 4337 1178 4408 inertiae
1192 4342 1229 4409 in
1250 4336 1317 4423 M3
1344 4331 1476 4407 alterius
1495 4360 1577 4407 vero
1593 4328 1676 4403 mas-

332 4421 478 4501 sasrt=
504 4423 692 4531 Nejusque
720 4437 1040 4531 centrumiuertiae
1067 4440 1102 4511 in
1129 4438 1193 4529 N,
1231 4462 1281 4539 po.
1325 4448 1333 4458 “
1382 4432 1675 4507 ”interuallum

971 4536 1044 4627 23
1517 4534 1675 4643 MNzr.
