4092 5134
287 411 294 419 ’·
315 448 402 543 aa
495 450 497 455 ψ
565 414 764 535 eatur
787 414 882 507 xv.
902 482 915 521 ,.
940 334 1220 563 cauom
1240 372 1439 539 cuano

339 616 501 712 temporit
523 610 650 709 punllo
672 604 850 699 resoluitur
874 614 908 681 in
936 624 1067 679 motum
1087 606 1355 710 progressurum,
1378 632 1448 708 quo
1461 625 1616 681 centrum
1635 612 1686 681 in·

336 721 439 788 ertiae
459 732 644 801 iraoaettu,
670 730 703 791 et
718 729 848 785 motum
863 716 1077 811 gyratorium
1098 717 1187 787 circa
1210 736 1305 783 arem
1319 716 1510 809 quempiam
1531 735 1590 803 per
1607 736 1687 805 ceng-

341 839 431 891 trum
447 818 585 887 inertiae
608 808 861 887 transeuntemt
888 806 1148 911 unde'coguitio
1173 814 1271 905 liujus
1295 831 1408 883 motua
1434 814 1517 885 llaec
1541 830 1688 913 quatuor

339 919 507 999 elctueuta
528 913 689 995 involvit:
724 924 763 987 ι’.
780 911 986 985 celeritatem
1002 918 1110 985 centri
1124 919 1264 985 inertiae
1280 941 1291 1009 ς
1321 923 1365 986 2⁰.
1377 908 1623 1007 direffliouem,
1638 908 1688 987 se·
1730 926 1732 933 '

338 1019 487 1097 ctandutn
512 1042 611 1118 quam
631 1033 787 1087 inuretur
804 1044 814 1103 3
849 1023 893 1103 3⁰.
918 1039 1013 1085 axem
1035 1038 1097 1114 per
1111 1018 1274 1108 centrum]
1289 1020 1430 1089 inertiae
1450 1008 1688 1105 trauseu'uteua

338 1131 428 1197 cirea
453 1134 554 1219 que‘m
584 1143 704 1217 corpus
732 1122 797 1209 jam
813 1113 982 1214 lgyratur,
1023 1134 1057 1187 et
1077 1114 1566 1218 4⁰.‚celeritatemangularetu
1588 1118 1688 1211 hujus

339 1242 453 1301 motus
469 1246 479 1295 t
507 1247 585 1321 quau
601 1237 746 1319 ¹quatuor
759 1241 812 1287 res
828 1222 885 1315 qui
899 1222 1127 1317 cognoverit,
1153 1228 1285 1307 mot'um
1302 1226 1456 1316 corporia
1479 1222 1549 1293 hoc
1563 1216 1699 1291 iustam-

238 1374 242 1383 ·
277 1377 279 1381 -
341 1333 367 1399 ti
389 1319 536 1423 perleele
554 1322 651 1393 habet
666 1314 886 1419 perspcfflum.
943 1318 996 1389 Ob
1013 1324 1103 1391 virec
1120 1338 1232 1391 autem
1247 1314 1460 1393 sollicitantes
1477 1321 1553 1395 fieri
1568 1318 1689 1419 potell,

338 1446 376 1498 ut
392 1428 454 1495 liae
468 1441 611 1524 quatuor
628 1448 679 1493 res
696 1426 934 1503 immutentur,
961 1416 1107 1519 ideoque
1121 1420 1163 1493 ad
1178 1446 1292 1493 earum
1307 1415 1465 1495 effectum
1481 1416 1689 1523 cognosceu-

337 1526 419 1613 dum
436 1516 564 1605 neeelle
582 1522 627 1595 ell
643 1581 653 1611 ,
670 1540 714 1592 -ut
731 1540 893 1620 quantum
914 1519 1062 1621 singulae
1084 1522 1293 1619 ternpucculo
1314 1522 1446 1600 infinite
1469 1550 1575 1623 paruo
1601 1526 1688 1595 vari·

340 1647 440 1703 entur
459 1679 480 1715 ,-
492 1620 636 1703 desurire
651 1622 827 1695 ualeanaui.
885 1614 1033 1703 Effcelut
1049 1648 1134 1724 ergo
1151 1627 1273 1699 virium
1296 1628 1457 1719 notham
1480 1632 1515 1696 in
1540 1626 1593 1697 hic
1609 1648 1688 1723 qua-

342 1751 421 1803 tuor
441 1727 539 1801 rebus
558 1784 568 1813 ,
591 1752 692 1827 quam
708 1731 743 1795 in
758 1748 873 1797 earum
893 1728 1074 1796 variatione
1091 1744 1327 1797 momentanea
1345 1724 1514 1813 consistit,
1540 1751 1646 1831 quam
1659 1722 1688 1813 ,fi

343 1830 501 1931 affignare
515 1832 751 1928 potuerimus,
786 1818 944 1905 offellum
967 1822 1118 1933 perfeste
1143 1832 1431 1934 cognoverimus,
1462 1822 1550 1919 piade
1566 1826 1686 1903 ceritas

342 1937 380 2007 T
384 1937 585 2021 lteoreutatis
607 1929 653 2002 cst
669 1922 850 2010 manifesta.
1154 1926 1157 1931 ’

853 2052 1106 2187 coactu
1158 2099 1243 2189 a·

449 2238 524 2325 q86.
553 2224 847 2319 Quemadmodum
862 2252 944 2327 ergo
961 2230 997 2299 in
1013 2246 1111 2305 motu
1127 2226 1332 2327 puullorum
1355 2228 1493 2305 effecius
1509 2236 1636 2305 virium
1644 2218 1690 2309 'cx'

343 2340 529 2413 variatione
559 2332 735 2409 celeritatis
759 2347 792 2401 et
820 2326 1013 2407 directionis
1036 2324 1185 2428 perset‘le
1215 2328 1433 2432 cognoscitur
1441 2364 1453 2425 3
1468 2341 1516 2405 ita
1538 2339 1576 2405 iu
1590 2356 1686 2421 motu

341 2463 527 2536 corporum
545 2431 745 2537 rigidorum,
757 2451 891 2533 praeter
905 2431 963 2505 lras
980 2428 1070 2501 binas
1085 2438 1299 2531 variationes,
1314 2431 1354 2505 ad
1376 2454 1531 2508 centrum
1546 2440 1685 2509 inertiae

245 2550 248 2565 ²
343 2540 475 2625 relatas,
494 2531 586 2609 nolle
610 2554 748 2633 oportet
771 2537 994 2621 variationes,
1028 2558 1109 2642 qrtas
1127 2558 1205 2609 cum
1223 2530 1293 2639 ipse
1314 2542 1381 2613 axis
1402 2540 1593 2641 gyrationic
1611 2538 1695 2611 tum'

336 2641 489 2718 celeritas
505 2636 669 2741 angularia
691 2630 787 2713 subit.

757 2770 1243 2899 1·corotn;a'

440 2955 517 3032 787.
544 2943 635 3011 Sicut
656 2964 739 3037 ergo
755 2916 1103 3020 virerdefiniuimt'u,
1130 2938 1248 3040 quibus
1270 2945 1380 3012 motui
1446 2946 1575 3015 raterio
1599 2948 1686 3014 cirea
1725 2956 1728 2961 ·

340 3068 437 3125 artem
453 3042 554 3113 fixum
573 3041 645 3112 data
667 3037 863 3112 acceleratio
880 3034 1085 3139 inducatur,
1114 3046 1159 3115 ita
1174 3047 1276 3115 etiam
1292 3048 1378 3116 airec
1421 3043 1539 3119 afinire
1563 3042 1686 3143 licebit,

338 3139 607 3249 quibus'insupcr
627 3137 695 3245 ipse
713 3147 779 3217 axis
795 3144 981 3249 gyrationis
1002 3138 1111 3212 datam
1133 3148 1356 3217 variationem
1374 3140 1583 3245 adipiscatur,
1625 3148 1629 3155 '

861 3308 1182 3407 conorrsa

440 3446 517 3527 788.
539 3432 808 3513 Fundamentum
822 3426 913 3528 'ergo
932 3424 1107 3506 uniuersae
1123 3440 1164 3509 T
1165 3440 1303 3513 heoriac
1321 3438 1363 3510 tle
1386 3457 1481 3513 motu
1501 3412 1686 3541 corporum

338 3532 528 3634 rigidorum
551 3539 586 3605 in
611 3540 678 3609 hoc
701 3530 870 3618 confisslt‚
898 3548 935 3607 ut
959 3532 1268 3643 quomodocunque
1288 3545 1375 3612 vires
1398 3539 1613 3615 sollicitantes
1636 3540 1687 3615 fu·

340 3644 430 3721 erint
451 3655 684 3737 comparatae,
721 3652 896 3739 quaternas
916 3628 988 3709 illair
1011 3641 1218 3745 variationec
1232 3647 1396 3741 temporis
1420 3642 1589 3721 elemento
1607 3670 1687 3749 pro.

339 3737 453 3813 ducias
479 3733 636 3844 alligante
658 3740 838 3814 valeamus.

828 3891 1149 4001 rcuottou
1207 3920 1230 3968 a

399 4082 402 4086 ·
441 4053 524 4133 789·
554 4044 720 4141 Principia
737 4039 778 4112 ael
801 4044 891 4115 hunc
907 4042 1011 4115 fiuent
1030 4036 1184 4131 ducentia
1203 4048 1240 4115 in
1263 4036 1535 4141 praecedentibus
1556 4052 1623 4142 jam
1639 4046 1688 4123 la·

342 4147 381 4212 tic
402 4137 477 4214 suut
496 4141 668 4244 exposita,
696 4143 750 4215 ubi
769 4142 996 4231 ostendimus,
1024 4140 1200 4243 quomodo
1223 4150 1440 4218 variationem
1467 4156 1588 4223 taurin
1610 4177 1687 4225 mo·

342 4265 377 4317 tu
394 4250 500 4317 centri
524 4248 686 4328 inertiae,
713 4270 813 4343 quam
839 4255 874 4323 in
899 4251 1165 4345 augurationis
1192 4251 1328 4351 ejusque
1347 4265 1445 4321 motu
1467 4246 1688 4327 determinari

340 4366 485 4445 oportet.
558 4348 687 4417 Verum
703 4351 779 4443 quia
798 4348 865 4416 linc
881 4347 1043 4443 pollerius
1058 4372 1153 4441 opus,
1170 4350 1204 4415 in
1222 4372 1290 4447 quo
1302 4348 1429 4421 lurutua
1446 4354 1543 4443 hujus
1561 4357 1686 4428 The'o-

339 4454 407 4522 riae
433 4451 650 4537 continetur,
677 4444 828 4551 pluribus
852 4446 1159 4551 investigationibus
1182 4452 1344 4541 inuititur,
1366 4448 1564 4555 quacolaepe
1581 4456 1688 4556 pluri·

1065 4576 1071 4597 ¹
1587 4586 1684 4633 mum
