4092 5134
327 372 340 393 ‘
404 402 498 501 ‘na
514 406 709 499 causts
725 340 1247 509 Morus-nxrnauts
1263 348 1370 503 sau
1386 420 1609 510 atauus,
1639 433 1693 533 σᾳ

334 632 387 687 ter
403 616 558 683 veritates
576 604 771 682 necessarias
787 608 827 681 lit
842 607 1069 682 referendum.
1125 613 1236 710 Atque
1254 640 1326 685 uon
1348 612 1457 685 solum
1477 614 1574 716 super
1590 639 1688 717 terra,

333 718 390 787 ubi
409 722 477 807 ejus
496 718 668 785 ueritatem
684 717 919 809 experimentis
934 709 1158 809 comprobare
1173 710 1349 802 licet‚‚sed
1372 704 1472 787 eliam
1493 725 1529 792 in
1548 720 1688 818 planetis

335 816 527 915 cunelisque
544 814 628 886 adeo
648 814 847 912 corporibus
871 812 1065 885 eoelellibus
1087 810 1240 885 audaeler
1262 822 1485 913 pronunciare
1504 816 1685 919 postumus,

334 944 453 989 omues
471 922 796 1016 uretus‚quicunque
811 914 855 985 ibi
871 912 1013 1008 suerint,
1027 940 1088 1011 per
1108 904 1334 1003 lroe'llniebm
1359 924 1559 1015 principium
1584 923 1686 1025 dirigi

336 1046 374 1089 ac
393 1026 581 1116 temperari.
634 1016 790 1115 Qtaestio
804 1037 914 1087 autem
934 1020 1014 1088 haee
1032 1011 1075 1087 de
1100 1014 1291 1089 necess'ttate'
1311 1038 1343 1089 ct
1363 1026 1591 1119 contingentia
1614 1018 1685 1098 uon

334 1142 404 1193 tam
420 1117 460 1190 de
477 1120 538 1189 illo
554 1121 733 1220 principio,
746 1142 847 1216 quam
866 1117 907 1189 de
927 1116 1055 1217 aliquot
1071 1114 1142 1187 aliis
1161 1116 1390 1219 regulis,quae
1409 1117 1466 1190 sub
1482 1131 1619 1196 nomine
1640 1127 1686 1198 le·
1743 1140 1748 1149 '

335 1250 418 1324 gum
438 1240 548 1291 motus
566 1216 865 1303 circumferuntur,
893 1223 1022 1290 moveri
1040 1215 1133 1289 solet.
1185 1224 1313 1290 Verum
1328 1244 1488 1320 quatenus
1514 1227 1575 1295 hae
1602 1225 1689 1325 leges

332 1331 398 1395 rite
418 1348 457 1393 ex
477 1323 593 1393 nossro
610 1326 776 1417 principio
793 1316 1053 1420 consequmrtnr,
1081 1345 1185 1418 aeque
1209 1345 1308 1393 erunt
1333 1350 1397 1419 pro
1415 1320 1607 1397 'uecellariis
1633 1320 1689 1399 lra-

332 1423 479 1497 bendae:
533 1450 617 1522 quae
643 1418 762 1491 deinde
786 1416 824 1489 acl
850 1444 938 1491 certa
963 1446 1149 1517 corporum
1161 1447 1296 1520 genera,
1316 1423 1420 1497 ueluti
1434 1423 1572 1515 eunica,
1604 1456 1689 1500 uon.

333 1526 474 1608 elallicu,
502 1546 534 1593 er
550 1524 649 1593 liuida
667 1521 909 1617 astringuntur,
937 1546 993 1593 cae
1010 1519 1167 1591 conceffis
1188 1522 1304 1595 talibus
1333 1526 1533 1623 corporibus
1563 1537 1690 1626 pariter

331 1653 406 1700 non
422 1649 521 1695 verae
545 1618 610 1697 effe
632 1649 704 1697 non
724 1616 879 1725 potsunt,
914 1617 1103 1692 dummodo
1123 1622 1301 1721 ex'nollro
1321 1632 1491 1726 principio
1516 1630 1607 1702 ret‘le
1628 1631 1692 1707 surr

336 1724 512 1802 dedudlae.

813 1875 1134 1953 SCHOLION.
1171 1899 1199 1965 3.

439 1990 505 2070 178.
535 1979 575 2046 ln
603 1971 828 2072 superloribus
858 1972 899 2045 de
925 1978 1125 2047 Mechanica
1142 1980 1251 2048 Libris
1273 1973 1429 2077 equidem
1445 1974 1610 2083 'principia
1626 1985 1690 2056 lm·¹

331 2087 384 2175 jus
411 2075 564 2151 scientiae
590 2085 654 2169 jam
679 2084 722 2146 ita
745 2076 1000 2163 conllitueram,
1028 2099 1062 2148 ut
1088 2105 1209 2150 eorum
1238 2078 1405 2151 certitudo
1430 2104 1524 2152 extra
1546 2110 1686 2158 omnem

333 2180 575 2253 dubitationem
596 2173 673 2250 ellet
689 2175 814 2274 posita:
840 2179 896 2246 hie
913 2198 1023 2249 autem
1041 2176 1146 2249 visum
1163 2182 1220 2264 est,
1237 2180 1273 2252 'ea
1290 2179 1355 2251 alio
1376 2182 1481 2252 modo
1502 2211 1543 2255 ex
1565 2208 1685 2258 natura

331 2286 516 2381 corporum
532 2284 714 2351 accuratius
731 2274 890 2375 perpensa
906 2274 1070 2369 derivare,
1086 2301 1185 2382 atque
1203 2278 1243 2352 ad
1258 2287 1393 2353 turicum
1404 2291 1607 2383 principium
1625 2289 1682 2360 de-

331 2390 460 2472 rivare,
484 2409 526 2453 ex
550 2409 619 2483 qno
643 2377 800 2475 deinceps
821 2386 935 2450 omnia
960 2404 1043 2479 quae
1066 2381 1106 2451 ad
1128 2404 1261 2455 motum
1283 2390 1451 2481 pertinent
1471 2382 1598 2460 facilius
1622 2386 1681 2461 de·
1738 2414 1742 2421 ·

331 2482 407 2556 duci
423 2478 564 2583 pollent.
622 2483 820 2578 Quanquam
847 2499 958 2551 autem
975 2488 1109 2570 omnia,
1136 2512 1221 2584 quae
1245 2482 1440 2557 admotum
1463 2488 1682 2587 corpusculo·

329 2613 407 2660 rum
428 2586 554 2659 inbuite
569 2607 751 2681 parvorum
768 2577 824 2652 seu
839 2579 928 2680 quali
942 2582 1146 2678 pundlorum
1161 2582 1326 2683 spellam,
1352 2588 1395 2658 ibi
1409 2596 1474 2682 jam
1490 2587 1591 2662 lulius
1608 2588 1682 2665 sum

283 2722 285 2730 ·
329 2686 539 2788 persecutus,
574 2704 685 2755 tamen
709 2676 993 2780 quemadmodum
1015 2681 1131 2756 eadem
1155 2713 1195 2757 ex
1218 2688 1280 2759 illo
1301 2694 1401 2758 unico
1426 2697 1592 2787 principio
1618 2691 1682 2764 smt

328 2786 529 2887 repetenda,
563 2785 711 2853 breuiter
734 2778 916 2877 exposuille
940 2782 1086 2872 iuvabit,
1122 2814 1206 2888 quae
1230 2782 1367 2888 quidem
1394 2795 1437 2857 ita
1482 2793 1680 2877 ertradlabO,

329 2910 366 2959 ut
384 2895 435 2958 via
452 2888 491 2957 ad
509 2903 618 2955 motus
634 2907 817 2979 corporum
837 2884 1012 2955 finitorum
1031 2882 1223 2960 scrutandos
1239 2888 1371 2987 planior
1387 2817 1551 2965 reddatur.
1610 2897 1678 2965 lm.

326 2996 447 3090 primis
465 3008 594 3071 autem,
619 3012 695 3057 cum
713 2985 769 3053 lric
792 3004 919 3055 tautum
946 2992 1112 3058 rationem
1136 2986 1192 3061 seu
1217 2990 1571 3089 proportionalitatem
1590 2999 1679 3067 inter

328 3088 472 3163 divertis
489 3093 684 3189 quantitates
703 3090 858 3157 notitiam
875 3106 988 3157 motus
1005 3088 1252 3188 ingredientes,
1273 3118 1356 3189 quae
1380 3119 1441 3189 per
1465 3091 1497 3165 le
1522 3092 1597 3167 sunt
1619 3100 1680 3167 he.

327 3214 547 3293 terogeueae‚
568 3188 799 3272 definiverint,
822 3214 905 3287 quae
931 3183 970 3255 ad
993 3188 1161 3261 mensuras
1185 3190 1347 3264 absolutas
1374 3203 1526 3265 revocari
1553 3223 1679 3296 neque·

326 3314 404 3382 unt,
430 3291 490 3363 uili
508 3308 618 3360 motus
636 3286 772 3389 quidam
794 3313 857 3386 pro
888 3293 1028 3387 cognito
1055 3286 1252 3379 affirmatum
1303 3297 1359 3363 hic
1386 3303 1526 3367 omnino
1549 3292 1680 3369 treceffe

325 3398 390 3483 cll,
421 3414 598 3490 autequam
614 3390 753 3461 ulterius
771 3388 1047 3489 progrediamur,
1070 3412 1203 3463 motum
1220 3392 1387 3495 quendum
1403 3404 1595 3498 cognitum,
1621 3424 1679 3468 cu·

325 3494 471 3594 jusmodi
492 3492 535 3564 ell
553 3485 656 3589 lapsus
674 3495 846 3590 gravium,
872 3487 1046 3562 studiosius
1063 3493 1240 3579 evolvere,
1269 3491 1412 3595 indeque
1429 3493 1598 3569 mensuras
1624 3498 1681 3569 ab·
1779 3486 1789 3505 ⁸

325 3596 447 3673 solutas
466 3592 626 3678 stabilire,
653 3590 769 3691 quibus
784 3588 940 3691 deinceps
958 3590 1138 3667 commode
1155 3602 1204 3667 uti
1219 3621 1388 3697 queamus.
1439 3597 1508 3669 Etfi
1533 3625 1615 3670 vero
1631 3594 1679 3670 as.

325 3698 450 3775 sumtio
470 3694 542 3768 talis
558 3708 668 3763 motus
686 3692 724 3761 ab
740 3692 879 3763 arbitrio
898 3692 1015 3764 nollro
1031 3693 1175 3794 pendet,
1199 3719 1232 3771 et
1247 3696 1288 3769 ad
1312 3702 1550 3797 experientiam
1574 3698 1679 3772 dedu·

326 3807 430 3889 citur,
455 3819 567 3870 tamen
585 3796 662 3865 hinc
678 3790 855 3865 uecellitati
880 3798 1034 3893 principii
1059 3798 1162 3869 nollri
1186 3798 1272 3869 nihil
1296 3796 1503 3891 detrahitur,
1531 3828 1607 3871 cum
1627 3825 1680 3874 ar·

325 3905 500 3981 bittariurn
518 3917 648 3969 tautum
666 3891 697 3966 se
717 3892 757 3965 ad
774 3894 945 3999 mensuras
963 3893 1125 4005 absolutas
1146 3896 1319 3991 extendat,
1341 3903 1472 4006 haeque
1491 3900 1531 3977 al>
1547 3908 1682 3999 unitati:

326 3996 855 4079 buscertisoruuiuoarbitrariis
872 3994 1075 4096 pendeam.-
1310 4006 1314 4013 '
1478 3992 1486 4009 '
1531 3994 1538 4005 ‘
1606 4000 1616 4007 '

789 4221 1218 4435 ennean

1004 4540 1205 4642 12''
