4092 5134
988 304 1406 473 narrantia.
1564 502 1567 507 Ι

514 584 813 681 transeundum
823 583 912 668 erit.
967 578 1231 670 Reblvenda
1243 581 1367 694 igitur
1385 596 1477 665 erat
1491 578 1695 696 quaestio:
1732 578 1883 667 fidata

515 742 563 828 fit
575 737 720 856 positio
735 735 829 822 axis
845 732 1072 849 gyrationis
1088 728 1274 845 corporis
1286 729 1393 813 moti
1404 724 1585 846 respestu
1596 731 1721 817 trium
1740 731 1889 817 arrium

385 934 396 945 -
502 882 807 1007 ¹principalium
822 882 1030 998 corporis,
1065 881 1226 995 isquea
1248 877 1406 966 viribus
1430 875 1735 971 sollicitantibus
1755 880 1890 967 varie·

516 1058 608 1150 tur,
646 1055 696 1123 ut
722 1062 876 1152 corpus
913 1026 1049 1149 elapso
1074 1021 1330 1143 tempusculo
1360 1024 1602 1114 elementari
1620 1031 1733 1115 circa
1760 1025 1889 1113 alium

518 1214 649 1275 axem
662 1204 846 1300 gyretur‚
874 1174 1089 1300 quomodo
1106 1158 1559 1293 deliniendasit'posrtio
1572 1177 1693 1290 hujus
1704 1179 1799 1263 axis
1813 1201 1892 1265 va·

516 1337 614 1424 riati
631 1329 813 1450 resposlu
831 1332 979 1417 axium
1000 1325 1301 1444 principalium.
1389 1320 1578 1440 Cognitis
1597 1327 1687 1438 jam
1710 1326 1891 1434 viribus,

477 1462 489 1471 ’
517 1484 670 1600 quibus
687 1506 840 1595 corpus
855 1476 955 1565 dum
971 1480 1081 1562 circa
1110 1478 1352 1591 quempiam
1372 1502 1502 1561 axem
1524 1494 1716 1589 gyratur,
1743 1473 1891 1562 sollici-

517 1651 643 1740 tatur,
668 1633 703 1716 is
718 1630 825 1737 axis,
852 1630 963 1715 circa
977 1653 1105 1742 quem
1119 1620 1329 1739 quiescens
1343 1626 1481 1737 gyrari
1496 1626 1694 1742 inciperet
1709 1623 1889 1743 definiri:

517 1794 611 1869 tum
623 1807 727 1868 vero
740 1781 916 1869 variatio
933 1779 977 1861 in
993 1803 1078 1862 axe
1098 1772 1326 1887 gyrationis
1349 1773 1405 1859 ob
1428 1793 1593 1864 motum
1611 1772 1720 1863 fasta
1741 1772 1892 1893 explo-
1914 1840 1918 1849 .

516 1932 601 2019 rari
614 1930 777 2046 poterit
863 1919 1028 2015 Verum
1046 1920 1117 2011 nili
1132 1946 1288 2035 corpus
1304 1922 1442 2038 primo
1465 1927 1577 2011 circa
1598 1952 1728 2012 axem
1741 1924 1893 2042 quemi

517 2081 631 2196 piarn
643 2071 914 2198 principalem
937 2090 1127 2188 gyretur‚
1165 2089 1331 2186 praeter
1352 2074 1464 2161 vires
1483 2093 1700 2184 externas,
1737 2074 1891 2190 quibus

518 2254 674 2343 corpus
701 2225 810 2315 sorte
833 2220 1092 2331 sollicitatur,
1123 2222 1328 2334 imprimis
1351 2250 1427 2309 eae
1442 2222 1566 2328 vires,
1594 2248 1703 2337 quae
1725 2253 1784 2313 ex
1804 2223 1893 2343 ipso

517 2392 639 2463 motu
657 2374 869 2488 gyratorio
890 2370 1063 2486 ejusque
1082 2371 1127 2458 vi
1147 2370 1378 2487 centrisuga
1399 2370 1639 2480 nascuntur,
1674 2376 1895 2493 perpendi,

517 2523 619 2617 &in
631 2519 839 2610 calculum
850 2516 1059 2606 introduci
1073 2515 1243 2627 debent,
1271 2517 1367 2607 ideo
1381 2521 1478 2609 istae
1495 2522 1606 2611 vires
1622 2548 1680 2607 ex
1694 2520 1777 2641 ipso
1797 2553 1892 2614 mo-

515 2688 565 2758 tu
578 2673 925 2786 gyratorionatae
941 2663 1107 2756 sollicite
1123 2687 1241 2753 erant
1257 2668 1573 2785 inveffigandae.
1605 2666 1652 2757 Si
1666 2672 1891 2766 enim'axis

388 2802 392 2807 ’
516 2824 743 2936 gyrationis
757 2850 841 2908 non
855 2819 903 2906 llt
923 2815 1182 2931 principalis²
1218 2818 1375 2903 etiamsi
1396 2817 1533 2906 nullae
1551 2822 1661 2908 vires
1686 2822 1888 2912 extrinse-

515 2995 595 3056 cus
609 2987 823 3080 urgerent,
851 2985 993 3050 tamen
1010 2962 1106 3047 axis
1131 2959 1432 3076 parallelismus
1453 2963 1684 3055 conservari
1698 2995 1784 3054 non
1799 2969 1889 3085 pos-

429 3122 435 3129 '
515 3113 594 3225 set,
621 3116 944 3230 quoniamvires
966 3106 1223 3222 centrifugae
1244 3110 1299 3199 ad
1322 3140 1451 3201 axem
1471 3111 1776 3207 dellesiendum
1796 3138 1887 3208 ten-

517 3236 634 3353 dunt.
690 3260 875 3353 inventis
890 3259 952 3346 his
967 3258 1125 3347 viribus
1140 3286 1198 3347 ex
1222 3282 1342 3348 motu
1365 3263 1578 3376 gyratorio
1601 3259 1684 3377 ipso
1710 3264 1765 3351 ad
1786 3296 1887 3357 eum

515 3407 769 3499 turbandum
783 3411 911 3517 natis,
939 3432 1037 3492 cum
1050 3403 1113 3492 his
1134 3408 1380 3496 combinatis
1402 3407 1560 3498 viribus
1583 3414 1769 3499 externis
1790 3443 1888 3501 cor·
1917 3396 1919 3401 ⁵

514 3586 595 3679 pus
615 3548 923 3646 sollicitantibus
951 3550 1150 3641 methodo
1174 3551 1293 3672 supra
1313 3553 1513 3671 descripta
1536 3552 1695 3643 definiri
1721 3578 1890 3676 poterat

515 3705 694 3794 variatio
709 3722 1003 3788 momentanea
1017 3722 1107 3789 tam
1121 3705 1164 3789 in
1179 3700 1263 3819 ipso
1279 3732 1362 3791 axe
1377 3729 1504 3817 quam
1517 3702 1559 3787 in
1584 3698 1794 3798 celeritate
1814 3742 1891 3801 an·
1919 3726 1924 3733 '

515 3853 656 3969 gulari
663 3849 758 3938 inde
773 3874 876 3940 orta.
936 3849 1072 3966 Ipsum
1086 3853 1260 3940 modurn
1274 3827 1525 3969 procedendi
1540 3850 1585 3940 bt
1601 3853 1807 3943 calculum
1827 3861 1890 3948 di·

514 4001 674 4119 rigendi
682 3995 1094 4115 explicatProblema
1102 4001 1169 4111 67.
1184 3998 1304 4088 Licet
1313 4002 1452 4114 itaque
1460 3998 1514 4086 lic
1526 4019 1662 4087 totum
1672 4008 1890 4115 negotium

515 4146 835 4239 absolutumelse
863 4142 1014 4234 censeri
1030 4146 1179 4265 posset;
1204 4167 1357 4241 ¹tamen
1382 4147 1505 4236 restat
1531 4147 1643 4235 aliud
1664 4171 1888 4263 argumpff

365 4284 370 4293 ’
514 4318 608 4391 taam
620 4295 782 4419 prorsus
797 4324 882 4387 non
891 4292 1193 4412 negligendum
1235 4292 1414 4410 Cognita
1429 4301 1541 4386 enim
1554 4296 1784 4395 variatione
1797 4320 1890 4391 tam

1676 4516 1680 4521 .
1756 4445 1892 4532 'cele-
