4092 5134
522 418 593 512 148
668 320 677 349 Ι
737 478 739 483 .
828 448 830 453 ·
980 398 1371 491 -cnPttTttt

527 620 742 695 quaecuuque
759 600 806 665 vis
822 594 878 667 tta
892 589 932 664 ad
948 591 1016 663 OH
1032 591 1193 663 normalis
1203 596 1237 662 in
1251 592 1353 691 plano
1362 588 1536 689 proposito
1548 586 1643 661 nullo
1654 586 1759 661 modo
1774 614 1875 661 axem

530 692 718 789 Olafficiet.
781 692 871 765 lnfra
892 712 1001 765 autem
1026 690 1506 791 patebit,pun(lumHidem
1524 686 1618 778 esse,
1654 690 1748 790 quod
1771 688 1880 789 vulgo

529 818 683 868 centrum
700 791 912 866 oscillationis
929 801 1045 867 vocari
1062 791 1171 888 solet,
1191 792 1476 894 quemadmodum
1498 796 1513 862 l
1537 792 1582 864 cll
1599 812 1753 863 centrum
1769 796 1884 893 gravi·

531 906 612 968 tatis.
662 900 820 967 Ceterum
840 898 906 967 hoc
922 894 1127 993 problemate
1143 891 1253 965 soluto
1269 895 1401 993 planior
1428 890 1588 967 reddetur
1603 890 1726 965 solutio
1743 888 1886 995 sequen·

534 1003 574 1069 tis
595 1054 605 1086 ,
636 998 688 1068 ubi
706 1003 844 1097 corpori
863 1004 962 1097 etiam
980 994 1129 1103 extensio
1145 992 1328 1067 secuudum
1354 993 1604 1099 longitudinem
1625 1000 1695 1095 'anis
1713 996 1885 1081 tribuitur.
1917 1034 1920 1039 ,

958 1174 1379 1246 PROBLEMA.
1429 1178 1475 1247 to

641 1323 715 1403 380.
742 1314 774 1382 st
793 1336 912 1410 corpus
928 1311 1075 1413 rigidum
1098 1318 1186 1385 circa
1202 1338 1299 1385 axem
1321 1309 1426 1381 fixum
1450 1313 1512 1381 ΟΛ
1531 1308 1656 1381 mobile
1676 1309 1701 1379 a'
1717 1328 1886 1403 qrtotcun·

537 1436 602 1510 que
628 1414 750 1483 viribus
774 1410 1003 1500 sollicitetur,
1044 1440 1185 1514 quarum
1215 1411 1417 1485 directiones
1440 1410 1503 1484 smt
1526 1418 1562 1483 in
1588 1412 1693 1510 planis
1722 1408 1764 1483 ad
1789 1437 1887 1483 axem

536 1514 768 1601 normalibus,
794 1520 948 1586 invenire
972 1522 1088 1603 vires,
1121 1514 1240 1616 quibus
1273 1522 1307 1586 in
1333 1510 1406 1615 ipso
1427 1530 1540 1587 motus
1562 1518 1661 1587 initio
1682 1516 1750 1585 axis
1764 1506 1886 1588 imme·

536 1610 622 1685 diate
648 1626 802 1715 urgetur„

1052 1782 1344 1857 SOLUTlO.

585 1946 588 1951 '
634 1941 723 2027 Cum
740 1962 856 2009 omnes
874 1939 959 2007 vires
974 1953 1071 2107 asam
1083 1942 1117 2008 in
1133 1936 1239 2034 planis
1259 1932 1300 2008 ad
1316 1962 1413 2009 axem
1425 1936 1631 2011 normalibus
1650 1996 1660 2027 ‚
1685 1954 1888 2040 quaerantur

536 2036 739 2137 singularum
758 2058 929 2110 momenta
945 2063 981 2107 re
998 2038 1096 2135 pediu
1111 2045 1179 2109 axis
1201 2041 1263 2109 ΟΛ
1281 2094 1291 2126 ,
1317 2064 1464 2138 quorum
1485 2058 1588 2135 prout
1603 2046 1638 2111 in
1655 2038 1800 2113 eundem
1814 2034 1888 2111 sen·

536 2134 610 2209 sum
628 2135 768 2211 tendunt
792 2138 845 2211 vel
862 2160 1005 2226 contra,
1030 2160 1248 2241 aggregatum
1260 2139 1369 2237 'srtVs
1378 2198 1389 2227 ,
1418 2166 1436 2209 a
1454 2166 1523 2239 quo
1542 2168 1665 2239 corpus
1680 2149 1769 2213 circa
1792 2166 1890 2213 axem

537 2259 606 2313 tem
633 2238 746 2311 usculo
763 2240 802 2313 dr
817 2260 964 2314 vertatur
987 2266 1047 2338 per
1068 2242 1228 2343 angulum
1250 2243 1326 2330 do,
1356 2247 1402 2311 ita
1421 2260 1459 2312 ut
1478 2244 1639 2338 particula
1657 2250 1692 2313 in
1714 2248 1743 2315 Z
1761 2238 1889 2315 seratur

536 2347 572 2411 in
592 2266 720 2413 sdusum
735 2332 796 2441 Ζζ.
849 2334 1007 2413 Allumtis
1022 2348 1060 2413 in
1081 2340 1260 2427 subsidium
1278 2340 1406 2415 calculi·
1417 2342 1503 2413 binis
1524 2340 1755 2417 diredlricibua
1778 2345 1838 2414 OB
1855 2360 1888 2415 et

539 2444 601 2513 OC
632 2440 671 2512 ad
691 2445 752 2513 Ob
773 2442 978 2514 normalibus
1004 2446 1246 2517 constituantur
1268 2471 1333 2543 pro
1351 2444 1521 2517 elemento
1546 2450 1699 2545 corporis
1721 2446 1789 2519 dM
1805 2448 1887 2516 ruz

538 2541 603 2615 suo
621 2562 733 2614 ternae
750 2543 963 2615 coordinatae
981 2544 1044 2615 ΟΧ
1068 2578 1106 2613 =
1121 2572 1169 2633 x,
1195 2547 1256 2617 ΧΥ
1274 2577 1313 2615 =
1324 2572 1383 2641 y,
1411 2546 1470 2615 YZ
1486 2576 1524 2611 =
1538 2572 1587 2635 a,
1623 2543 1730 2648 sitque
1757 2553 1826 2641 ejus
1849 2546 1889 2617 ab

439 2756 441 2760 Ι
539 2640 950 2823 ακοάἱίῖαιιῑὶεινΧίΞᾰῑΓ
967 2648 1255 2767 (sy-laſse.
1306 2646 1433 2745 Quibus
1453 2643 1567 2745 positis
1583 2643 1681 2747 supra
1699 2652 1888 2721 invenimus

539 2794 616 2869 sore
633 2796 683 2868 do
698 2830 737 2866 =
747 2830 938 2931 W,
989 2798 1122 2869 Praeter
1139 2802 1197 2871 has
1213 2818 1325 2871 autem
1338 2802 1444 2887 vites,
1470 2800 1588 2899 quibus
1600 2826 1720 2903 corpus
1735 2800 1810 2871 adlu
1826 2795 1891 2872 lol-

541 2934 706 3019 licitatur,
724 2940 790 3003 axis
808 2930 941 3030 iusuper
963 2926 1158 3007 sollicitatur
1181 2962 1199 3005 a
1222 2936 1347 3006 viribus
1369 2934 1558 3035 aequalibus
1581 2957 1615 3011 et
1638 2940 1816 3012 contrariis
1839 2942 1891 3023 iis,

541 3033 581 3105 ad
597 3060 675 3135 quas
692 3030 787 3131 supra
806 3040 893 3105 vires
907 3034 1124 3110 elementares
1142 3033 1363 3121 reduximus,
1390 3032 1489 3131 (vide
1502 3038 1543 3211 p
1558 3042 1666 3133 366)2
1691 3041 1747 3112 ubi
1770 3056 1892 3111 notan·

546 3134 628 3207 dum
647 3134 703 3229 eil,
720 3140 873 3205 omnium
889 3138 1009 3209 barum
1024 3144 1149 3211 virium
1163 3156 1337 3209 momenta
1346 3136 1489 3231 jundlim
1519 3159 1610 3211 umta
1619 3137 1652 3213 se
1660 3160 1780 3213 mutuo
1794 3138 1892 3213 tolle·

425 3316 428 3321 4
542 3263 588 3309 re.
641 3238 752 3333 Quare
777 3233 800 3305 st
824 3235 903 3308 loco
924 3246 1084 3341 cujusque
1101 3246 1150 3313 vis
1166 3235 1375 3312 substituatur
1394 3264 1458 3311 una
1482 3244 1513 3311 ei
1534 3241 1679 3341 aequalis
1701 3240 1761 3340 ipss
1782 3246 1834 3312 axi
1857 3248 1892 3313 in

541 3334 659 3412 eadem
682 3328 868 3409 dir'etlione
890 3340 1077 3438 applicata,
1105 3360 1140 3413 et
1155 3340 1216 3411 alia
1240 3336 1438 3417 evanescens
1459 3336 1501 3411 ad
1522 3336 1706 3415 distantiam
1724 3340 1911 3415 infinitam·

540 3440 708 3541 applicata,
734 3444 826 3532 cujus
842 3460 952 3512 autem
968 3450 1180 3515 momentum
1197 3440 1236 3515 lit
1251 3440 1342 3524 illius
1359 3460 1536 3513 momento
1551 3445 1708 3546 aequale,
1735 3448 1892 3517 omnium

542 3544 661 3615 harum
681 3544 803 3612 virium
820 3561 991 3615 momenta
1007 3540 1040 3615 se
1053 3540 1247 3641 destruent,
1269 3562 1304 3617 et
1327 3567 1479 3615 cumeae
1503 3540 1698 3619 evanescant
1756 3540 1894 3641 prorsus

544 3668 614 3713 non
630 3648 665 3711 in
680 3636 814 3714 censum
829 3648 974 3713 venient.
1030 3648 1122 3717 Hinc
1141 3651 1244 3747 igitur
1268 3649 1357 3715 uires
1374 3668 1469 3715 axem
1490 3646 1683 3719 immediate
1711 3600 1895 3719 sollicitan-

546 3758 595 3814 tes
611 3745 655 3813 ita
671 3738 703 3814 se
720 3742 911 3813 habebunt:
940 3745 1055 3816 Primo
1077 3745 1221 3849 lingulae
1244 3750 1331 3817 vires
1348 3769 1469 3843 corpus
1491 3741 1705 3819 sollicitantes
1728 3750 1763 3815 iu
1786 3746 1893 3846 planis

548 3842 588 3916 ad
605 3869 700 3915 axem
722 3844 927 3916 normalibus
951 3842 990 3916 ad
1014 3844 1123 3946 ipsum
1144 3874 1241 3921 axem
1257 3850 1293 3917 in
1314 3840 1432 3918 eadem
1457 3842 1643 3921 direr‘lione
1665 3842 1894 3950 applicentur3

545 3991 665 4068 deinde
684 3996 727 4068 ob
743 3998 829 4065 vires
846 3996 1065 4103 elementares
1087 3998 1197 4074 sumto
1217 3996 1398 4073 intervallo
1416 3998 1473 4069 ΟΡ
1492 3944 1758 4077 :QiuP
1774 3998 1893 4081 secun·

1552 4056 1665 4135 szau

543 4174 623 4249 dum
642 4176 862 4257 diredlionem
880 4187 940 4287 ipss
956 4192 1013 4260 OB
1030 4186 1222 4287 parallelum
1237 4192 1291 4259 axi
1303 4186 1488 4301 applicetur
1503 4190 1551 4258 vis
1569 4190 1612 4293 P?
1637 4222 1675 4259 =
1697 4138 1892 4327 W

540 4382 614 4443 tum
629 4393 712 4445 vero
730 4368 841 4449 sumto
857 4369 1036 4445 intervallo
1054 4320 1320 4513 Okffl
1332 4378 1372 4447 in
1396 4370 1641 4475 Qsecuudum
1666 4374 1895 4455 diredlionem

1828 4516 1890 4619 ipsi
