4092 5134
518 428 568 559 34
665 465 672 482 ι
902 458 909 472 ·
1022 362 1350 525 cuturn.

520 641 599 708 ritae
628 628 743 705 locum
768 627 893 700 habere
917 644 1074 728 nequeat.
1122 617 1365 697 Confidcretur
1385 615 1683 723 ergobr'rjuttnodi
1704 602 1867 723 parasium

428 737 435 755 ⁸
521 758 746 835 corporeum,
771 727 861 830 quali
881 723 1183 815 solum'exilleret,
1207 752 1245 796 ac
1266 725 1292 798 li
1315 741 1450 796 motum
1470 750 1705 825 quemcunque
1730 750 1866 827 accepe-

520 842 583 926 rit,
609 842 652 907 ita
683 854 720 905 ut
740 827 819 903 ¹data
849 829 1018 903 celeritate
1055 823 1236 901 secundum
1268 823 1377 899 darant
1407 820 1630 899 diredlionent
1656 832 1788 898 moveri
1814 830 1866 899 in·

521 964 558 1011 ce
584 941 669 1011 eritt
694 952 792 1035 atque
818 926 884 1005 stoc
906 932 1079 1031 pundlum.
1102 935 1134 1002 vi
1149 920 1237 999 issius
1254 933 1436 1013 axiomatis,
1458 947 1620 1025 perpetuo
1638 947 1705 999 tam
1726 923 1867 1003 eandem

520 965 843 1135 celbritatent,quan
860 1030 1000 1108 eandem
1019 1030 1242 1145 diret‘lionpm
1257 1026 1476 1101 conservabit.
1528 1029 1630 1125 Quod
1654 1056 1731 1102 cnm
1749 1030 1787 1103 stt
1799 1056 1864 1130 pro

415 1178 419 1187 ·
519 1146 684 1212 axiomate
701 1156 893 1235 receptum,
915 1132 1197 1207 demonstratione
1214 1158 1285 1202 non
1309 1128 1454 1232 indiget3
1482 1134 1616 1202 interim
1639 1144 1761 1223 tarnen
1777 1138 1865 1217 ratio
1934 1193 1937 1203 .

518 1242 608 1313 haud
624 1237 798 1310 difficulter
815 1232 927 1308 afferri
944 1236 1059 1334 potcll.
1116 1238 1231 1304 Primo
1247 1238 1385 1303 enimin
1410 1230 1597 1304 diredlione
1621 1234 1747 1305 nullam
1767 1240 1865 1334 patie-

520 1366 574 1414 tur
607 1346 847 1423 mutationem,
895 1363 974 1407 cuttt
1000 1332 1091 1411 nulla
1119 1328 1183 1405 else
1210 1332 1307 1431 potllt
1336 1339 1443 1416 ratio,
1478 1359 1536 1402 cur
1565 1341 1598 1404 in
1628 1364 1727 1407 uuam
1753 1343 1865 1435 potius

517 1470 619 1545 quatu
635 1466 752 1513 omues
769 1437 846 1511 alias
860 1438 970 1539 plagas
986 1437 1025 1507 ab
1042 1463 1079 1509 ea
1094 1432 1264 1523 dellecla13
1290 1462 1340 1505 aet
1354 1460 1394 1505 ue
1412 1427 1534 1503 scilicet
1552 1454 1641 1508 cette
1657 1434 1798 1511 eandem
1815 1437 1864 1510 di·

516 1546 707 1619 rectionem
728 1537 957 1626 conservabit,
986 1566 1025 1623 ac
1055 1538 1217 1636 pendium
1245 1462 1414 1637 quiescens
1437 1536 1474 1605 in
1496 1544 1607 1635 quiete
1631 1536 1865 1637 perseverabit.
1932 1576 1937 1617 v

517 1644 620 1747 Qvod
637 1661 746 1715 autem
768 1667 873 1739 porro
891 1638 930 1712 ad
945 1639 1149 1712 celeritatem
1167 1644 1306 1724 attinet,
1331 1635 1393 1710 nili
1416 1662 1453 1708 ea
1473 1657 1637 1739 perpetuo
1658 1640 1775 1713 eadem
1798 1642 1864 1723 tt'ta·

478 1782 480 1787 ·
516 1767 633 1833 neret,
673 1744 727 1817 vel
743 1749 858 1841 augeri
875 1742 929 1814 vel
945 1746 1053 1813 minui
1071 1734 1151 1813 esset
1167 1736 1327 1827 dicenda,
1372 1764 1519 1839 quorutu
1542 1758 1701 1814 neutrum
1722 1742 1862 1817 fineab-

513 1846 672 1922 surditate
694 1843 762 1918 dici
784 1843 909 1941 potesl:
935 1840 1002 1913 five
1028 1849 1118 1913 enim
1139 1860 1319 1941 augeretur
1341 1838 1408 1911 stvc
1430 1847 1657 1941 minueretur,
1688 1840 1723 1915 id
1746 1841 1863 1919 secutr-

514 1947 597 2023 dum
620 1967 746 2020 certam
772 1944 882 2045 legem
904 1941 978 2015 fieri
1000 1939 1156 2033 debetet3
1212 1942 1294 2014 ttalis
1316 1959 1429 2012 autem
1453 1943 1535 2015 haec
1558 1942 1671 2016 sutura
1693 1941 1773 2018 esset
1798 1947 1862 2038 lex,

516 2050 613 2124 nullo
627 2046 734 2121 modo
751 2050 883 2145 concipi
902 2032 1030 2142 posset,
1059 2071 1136 2117 curu
1154 1970 1237 2115 mllli
1254 2061 1343 2115 certe
1361 2069 1440 2141 prae
1463 2044 1600 2147 reliquis
1620 2067 1707 2119 tanta
1725 2074 1864 2148 praero·
1894 2104 1900 2116 .

516 2159 628 2252 gativa
642 2155 849 2224 conveniret.
900 2142 1033 2219 Deinde
1057 2146 1080 2217 st
1104 2152 1177 2247 quis
1200 2142 1291 2219 forte
1314 2140 1418 2231 dicat,
1445 2145 1650 2220 celeritatem
1672 2154 1706 2221 in
1730 2156 1864 2227 ratione

516 2275 713 2353 temporum
726 2254 888 2339 ditninui;
914 2275 988 2320 rent
1004 2242 1156 2320 nondum
1171 2244 1328 2320 definiret
1345 2302 1356 2335 ,
1383 2245 1607 2324 determinare
1622 2256 1714 2323 euim
1728 2248 1878 2355 insuper·

518 2357 678 2438 deberet,
691 2436 694 2445 ¹
706 2372 828 2455 quanta
842 2350 1019 2423 celeritatis
1036 2376 1109 2449 pars
1124 2356 1244 2451 quovis
1259 2369 1412 2447 tempore
1428 2354 1597 2439 interiret,
1622 2358 1657 2423 in
1678 2378 1748 2455 quo
1768 2358 1863 2457 quic.
1879 2380 1885 2387 ·
1916 2424 1919 2431 ,

506 2454 601 2557 ¹quid
615 2453 836 2558 assignaverit,
864 2479 941 2525 cum
955 2449 1045 2522 nulla
1062 2459 1189 2523 ratione
1205 2448 1383 2537 fulciatur,¹
1397 2448 1491 2522 nullo
1503 2450 1609 2525 modo
1633 2452 1762 2528 admitti
1787 2476 1863 2559 pot.

517 2558 582 2649 esl3
607 2554 641 2630 id
659 2548 750 2659 quod
767 2560 866 2627 etiam
882 2550 924 2627 de
940 2578 1138 2653 quacunque
1152 2552 1214 2624 alia
1230 2554 1304 2655 lege
1318 2551 1448 2623 valebit.
1498 2553 1794 2659 Nihilaliudergo
1808 2585 1879 2634 re.-

513 2659 699 2761 linquitur,
717 2656 776 2729 uist
793 2675 832 2745 ut
847 2654 1044 2739 llatuatnus,
1070 2652 1271 2737 celeritatem
1288 2678 1424 2759 quoque
1444 2676 1609 2757 perpetuo
1631 2655 1774 2741 eandem
1789 2666 1860 2736 r'r'ta.

511 2789 611 2851 nere,
632 2756 774 2862 perinde
788 2786 824 2830 ac
840 2755 1076 2833 diret‘lioneul.
1799 2782 1802 2789 ·

994 2909 1316 2983 tartaream.
1350 2934 1380 2982 a.

613 3070 671 3151 87.
695 3062 786 3135 Huic
808 3058 976 3147 axiomati,
995 3084 1100 3158 aeque
1126 3083 1164 3129 ac
1177 3054 1405 3156 praecedeuti,
1419 3060 1535 3155 opinio
1553 3054 1685 3143 ¹eorum
1705 3060 1858 3139 Philoso-

508 3160 659 3263 pltorum
683 3159 894 3258 adversatur,
924 3166 982 3262 qui
1007 3158 1169 3248 llattutnt,
1204 3164 1316 3230 omnia
1338 3182 1482 3258 corpora
1506 3164 1538 3231 vi
1560 3162 1702 3261 quadam
1725 3166 1860 3239 occulte

508 3260 661 3366 praedita
680 3260 764 3356 else,
790 3264 908 3337 liatmn
933 3260 1028 3335 suum
1050 3280 1164 3333 motus
1179 3259 1234 3331 vel
1251 3266 1371 3360 quietis
1384 3268 1551 3343 ,continuo
1566 3263 1736 3342 mutandi:
1774 3294 1859 3371 quae

438 3396 440 3401 ·
509 3372 639 3464 opinio,
656 3368 739 3440 nulli
755 3372 879 3440 rationi
900 3372 1025 3452 innixa,
1041 3360 1191 3435 funditus
1210 3388 1252 3433 eo
1275 3358 1347 3462 ipso
1373 3367 1551 3451 evertitur,
1581 3366 1676 3466 quod
1699 3372 1861 3467 axionuti
1882 3412 1885 3417 ·

511 3466 726 3539 contradicat.
776 3472 906 3539 Ventm
923 3469 992 3539 hoc
1005 3470 1138 3539 axioma
1151 3469 1264 3564 primo
1277 3470 1397 3535 intuitu
1411 3470 1637 3565 experientiae
1650 3474 1862 3546 contrariutn'

509 3564 625 3639 videri
636 3565 737 3655 solet,
760 3596 838 3641 cum
854 3574 889 3638 irr
907 3569 1063 3639 omnibus
1089 3571 1322 3664 experimentis
1344 3562 1577 3655 observentur,
1601 3591 1736 3642 motum
1754 3572 1857 3673 pede·

478 3670 482 3759 ’-
509 3675 629 3739 tentitn
650 3668 814 3742 retardari
838 3695 875 3739 ac
899 3666 1035 3741 tandem
1057 3673 1189 3769 penitus
1211 3672 1379 3769 extingui,
1406 3674 1504 3740 itaut
1528 3694 1568 3740 ex
1584 3673 1652 3745 boe
1669 3668 1765 3747 fonte
1782 3692 1878 3749 mo-'

507 3786 561 3838 tus
577 3788 753 3870 perpetuus
769 3790 932 3871 negetur,
956 3768 1038 3842 dunt
1057 3776 1091 3841 vi
1108 3770 1212 3842 nollri
1233 3775 1409 3853 axiomatis
1425 3775 1534 3841 omnis
1549 3774 1661 3846 motus
1674 3778 1855 3875 perpetuus

508 3864 574 3941 else
588 3871 733 3949 deberet.
784 3876 914 3946 Verum
940 3878 975 3944 in
996 3874 1047 3945 his
1069 3868 1143 3968 ipsit
1169 3876 1403 3971 experimentis
1426 3869 1521 3944 eausa
1537 3873 1773 3949 retardationis
1787 3900 1861 3953 nra-⁴

493 3968 627 4044 ²nisello
643 3973 923 4072 deprehenditur,
946 4002 1022 4046 curn
1040 3974 1075 4045 in
1091 3968 1251 4045 frictione
1274 3992 1346 4045 tum
1368 3980 1403 4047 iu
1417 3974 1597 4071 restllentia
1617 3983 1702 4050 actis
1718 3980 1855 4085 aliisque

505 4093 619 4143 motus
638 4077 829 4165 obstaculis,
856 4100 940 4177 quae
957 4096 1165 4178 nequaquam
1178 4084 1309 4175 penitus
1326 4074 1447 4155 tollere
1465 4075 1554 4159 licet,
1605 4084 1694 4179 Quas
1711 4086 1854 4157 circum-

504 4172 673 4249 slanriasst
693 4178 797 4275 probe
813 4176 1067 4277 perpendamus,
1095 4200 1135 4275 ex
1149 4179 1200 4249 his
1218 4176 1291 4277 ipsts
1306 4180 1548 4277 ,experimentis
1565 4180 1770 4256 concludere
1796 4182 1853 4259 de·

503 4276 641 4379 bermar,
666 4276 821 4352 stouvnia
835 4282 918 4351 baec
935 4279 1100 4352 obstacula
1115 4272 1277 4364 abessent,
1299 4294 1431 4355 motum
1454 4302 1572 4353 revera
1595 4304 1760 4383 perpetuo
1788 4282 1853 4361 effe

470 4466 474 4475 Ι
504 4376 711 4455 duraturum.
763 4382 962 4477 Quarectun
978 4386 1013 4455 iu
1026 4387 1191 4453 axiotnate
1201 4384 1315 4451 omnia
1331 4380 1496 4465 obilac'ula
1510 4381 1657 4484 exp'r'c'lse
1669 4384 1853 4465 lint'rttno·

468 4544 473 4553 .
505 4502 546 4593 ta,
565 4504 693 4559 tantum
707 4484 808 4576 abest,
835 4486 971 4591 utlltae'c·
982 4478 1216 4586 experimenta
1226 4488 1258 4556 ei
1272 4476 1504 4574 adversentur,
1525 4506 1563 4558 ut
1576 4482 1689 4591 potius
1705 4496 1851 4585 ejusve·

1721 4612 1852 4671 rttatcttt
