4092 5134
1031 375 1262 489 curer
1290 376 1367 473 ιιι.

1013 536 1289 653 ruorron
1365 602 1386 651 ι.

626 756 687 825 129.
711 727 858 827 stabilita
873 728 1196 830 impenetrabilitatis
1213 734 1365 815 notione,
1377 753 1448 799 uon
1463 721 1620 826 equidem
1634 722 1870 815 dubitaverim,

528 844 614 909 inea
636 826 804 905 essentiam
820 857 1003 931 corporum
1031 829 1220 902 collocare:
1251 835 1465 901 temerarium
1488 832 1555 898 hoc
1576 826 1761 916 videbitur,
1791 824 1872 900 cuin

527 962 645 1010 omnes
662 932 733 1004 sere
749 928 944 1030 Philosophi
966 938 1169 1004 unanimiter
1187 927 1348 1018 clament,
1379 927 1549 1011 eslentiam
1571 956 1755 1029 corporum
1774 932 1872 1002 nobie

527 1047 658 1138 penitus
677 1029 741 1105 else
759 1040 921 1134 ignotam.
973 1039 1051 1106 Hoc
1071 1052 1162 1104 certe
1183 1029 1224 1103 de
1239 1058 1424 1132 corporum
1446 1027 1612 1129 speciebus
1634 1029 1731 1105 facile
1751 1058 1874 1116 conce·
1922 1054 1931 1065 ·

529 1140 593 1225 do,
618 1155 841 1235 nequeputo,
861 1142 932 1207 auri
962 1135 1016 1208 vcl
1044 1138 1173 1234 argenti
1197 1128 1367 1205 essentiam
1391 1134 1486 1205 nobis
1509 1130 1573 1204 eisc
1601 1142 1783 1236 cognitam.
1834 1139 1875 1205 ln

529 1264 726 1343 quacunque
746 1243 836 1309 enim
859 1264 893 1310 re
914 1244 987 1338 quis
1010 1242 1082 1307 auri
1104 1231 1275 1307 essentiam
1299 1235 1524 1333 couslituerit,
1554 1243 1719 1307 incertum
1741 1236 1804 1322 cll,
1833 1258 1877 1307 au

530 1370 568 1415 ea
584 1368 667 1412 auro
682 1346 715 1410 in
731 1345 822 1410 omni
840 1339 922 1411 slatu
939 1342 1136 1427 conveniat3
1169 1355 1203 1409 et
1220 1363 1334 1409 aunon
1350 1334 1438 1407 aliud
1456 1364 1595 1436 corpus,
1625 1336 1717 1439 quod
1739 1362 1808 1408 non
1835 1337 1877 1410 fit

529 1470 668 1527 aurum,
693 1438 809 1513 eadem
824 1439 863 1513 srt
876 1438 1083 1539 praeditum,
1102 1462 1215 1536 ‘atque
1235 1441 1318 1511 hacc
1342 1435 1410 1537 ipsa
1431 1438 1636 1511 incertitudo
1657 1436 1813 1512 assertum
1836 1436 1877 1510 il·

532 1544 590 1615 lud
606 1542 759 1633 dellruit3
787 1538 843 1613 sed
859 1538 994 1642 quando
1010 1541 1052 1613 de
1070 1565 1215 1638 corpore
1236 1546 1271 1611 iu
1287 1566 1410 1640 genere
1435 1542 1581 1641 quaellio
1605 1542 1670 1619 est.
1697 1541 1796 1613 talem
1817 1542 1879 1613 ob·

533 1648 714 1742 jessionern
731 1670 800 1715 nou
815 1641 1036 1743 pertimesc03
1061 1647 1119 1742 qui
1136 1646 1225 1714 enim
1245 1668 1368 1755 negare
1384 1641 1549 1740 voluerit,
1575 1639 1744 1716 essentiam
1757 1668 1880 1743 corpo·

442 1812 454 1831 ,
533 1775 611 1820 rum
628 1754 664 1818 in
678 1745 990 1845 impenetrabilitate
1007 1745 1102 1817 satam
1118 1739 1203 1827 else,
1226 1748 1252 1814 is
1267 1770 1389 1845 negare
1406 1744 1460 1815 uel
1473 1740 1587 1816 saltem
1602 1742 1752 1817 dubitare
1768 1743 1878 1830 debet,

534 1871 590 1921 aut
606 1853 719 1920 omnia
733 1872 877 1945 corpora
894 1840 959 1919 esse
977 1842 1256 1946 impenetrabilia,
1278 1865 1334 1918 aut
1351 1845 1506 1933 vicissrm,
1533 1854 1702 1950 quicquid.
1715 1846 1754 1918 stt
1776 1853 1882 1946 impe·

534 1949 707 2036 netrabile,
728 1946 760 2019 id
775 1944 840 2020 effe
858 1974 991 2048 corpus.
1044 1949 1141 2039 Quae
1155 1951 1244 2018 enim
1258 1953 1446 2048 proprietas
1472 1951 1626 2022 omnibus
1652 1977 1689 2022 ac
1711 1945 1789 2022 solis
1803 1944 1881 2019 corss

537 2053 675 2152 poribus
695 2056 873 2137 conuenit,
900 2058 982 2151 quin
998 2056 1034 2120 in
1051 2076 1088 2121 ea
1104 2074 1288 2143 corporum
1305 2044 1439 2141 essentia
1457 2048 1495 2122 ht
1513 2051 1751 2138 couslituenda,
1777 2074 1882 2122 uerno
1922 2094 1931 2103 -

534 2149 819 2251 Philosophorum
837 2149 971 2224 dubitat.
1023 2154 1136 2222 Primo
1151 2169 1262 2222 autern
1286 2157 1401 2224 onmia
1423 2179 1566 2252 corpora
1597 2149 1661 2227 esse
1683 2161 1883 2253 impenetra-

534 2256 611 2328 bilia
630 2254 921 2350 cerumtamen,
947 2253 1079 2326 sienim
1093 2249 1252 2323 darentur
1266 2278 1319 2325 res
1340 2249 1488 2326 extensae
1513 2276 1611 2357 atque
1635 2264 1735 2329 etiam
1764 2259 1884 2326 inertia

531 2355 712 2457 praeditae,
730 2382 814 2457 qrrae
831 2352 957 2426 scilicet
973 2352 1031 2425 fibi
1050 2352 1184 2427 relittae
1201 2353 1255 2425 vel
1277 2352 1507 2454 quiescerent,
1534 2357 1586 2430 vel
1612 2356 1826 2431 uniformiter
1850 2361 1886 2427 iu

531 2457 698 2531 diredlum
722 2475 959 2552 mouerentur,
990 2474 1100 2529 tamen
1119 2453 1143 2527 sr
1165 2456 1475 2553 impenetrabilitate
1501 2480 1673 2548 carerent,
1698 2484 1802 2532 nemo
1829 2482 1884 2530 eat

531 2568 621 2633 inter
639 2587 781 2661 corpora
800 2554 880 2633 esset
898 2557 1079 2647 relaturus,
1105 2559 1184 2628 hinc
1203 2556 1259 2643 esl,
1276 2556 1368 2657 quod
1386 2558 1521 2630 umbrae
1538 2581 1571 2632 et
1590 2557 1716 2659 spetira
1732 2588 1792 2662 per
1814 2585 1886 2631 ma·

532 2666 648 2734 chinar
676 2668 802 2760 opticas
834 2654 1077 2760 repraesentata
1103 2654 1173 2729 non
1195 2682 1260 2758 pro
1283 2661 1480 2759 corporibus
1509 2662 1701 2740 habeantur.
1750 2659 1886 2737 Deinde

557 2760 693 2863 uirquid
716 2761 969 2862 impenetrabile
996 2762 1060 2847 ell,
1088 2756 1122 2831 id
1138 2785 1274 2865 quoque
1300 2759 1470 2835 extensum
1495 2781 1527 2833 et
1556 2770 1672 2837 inertia
1695 2760 1892 2865 praeditum

532 2793 572 2938 su
589 2858 717 2937 necesse
736 2864 781 2936 esi
790 2892 802 2965 3
851 2862 921 2937 sine
947 2861 1141 2936 extensione
1168 2869 1260 2933 enim
1284 2865 1578 2963 impenetrabilitas
1604 2873 1735 2965 concipi
1759 2871 1886 2965 nequit,

533 2986 605 3038 tum
623 2993 705 3039 vcro
728 2992 799 3039 uon
821 2964 946 3037 mobile
973 2959 1038 3037 else
1061 2990 1132 3034 non
1153 2963 1278 3061 potest,
1305 2962 1409 3062 posita
1430 2985 1540 3037 autem
1564 2968 1749 3039 mobilitate
1770 2972 1889 3040 inertia
1921 3026 1931 3031 -

535 3074 686 3167 ponitur.
759 3072 882 3168 Quare,
908 3064 1068 3167 quicquid
1090 3065 1135 3135 esl
1169 3066 1442 3163 impenetrabile,
1467 3065 1557 3165 nulla
1589 3087 1676 3142 certe
1697 3066 1787 3141 soret
1811 3094 1889 3141 cau·

533 3167 585 3259 sa,
611 3196 671 3243 cur
687 3165 720 3241 id
737 3198 807 3244 uon
822 3195 887 3270 pro
903 3191 1049 3269 corpore
1064 3168 1237 3241 habeatur.
1846 3164 1849 3169 ’

1006 3368 1334 3475 renarrou
1396 3388 1424 3437 ι

638 3543 707 3613 ¹30·
732 3516 1015 3618 Verum'gravior
1032 3535 1149 3590 contra
1168 3517 1253 3589 han‘c
1270 3514 1468 3591 sententiam
1485 3518 1630 3613 objedlio
1657 3524 1790 3592 moveri
1813 3542 1891 3623 pot-

538 3622 604 3719 est,
630 3616 709 3691 inde
736 3624 858 3715 petita,
883 3619 976 3718 quod
998 3618 1346 3719 impenetrabilitatem
1367 3616 1484 3720 perse
1510 3623 1608 3723 upbis
1623 3627 1796 3721 percipere
1810 3651 1895 3699 -nou

540 3725 658 3806 liceat,
682 3723 911 3889 quippecujur
927 3725 1024 3793 notio
1039 3715 1222 3794 necessario
1238 3721 1333 3820 plura
1351 3748 1495 3821 corpora
1512 3720 1596 3796 inse
1614 3724 1773 3798 involvit.
1833 3730 1893 3799 At·

539 3847 606 3927 que
630 3816 710 3891 hinc
765 3820 827 3892 cile
842 3817 1006 3911 concedo,
1023 3817 1269 3921 definitionem,
1286 3852 1350 3925 qua
1366 3832 1487 3923 eorpus
1522 3822 1692 3898 diceretur
1718 3820 1895 3901 subslantia

540 3920 823 4034 impenetrabilis,
851 3920 976 4024 regulis
993 3920 1254 4023 Philosophandi
1270 3954 1341 3999 non
1360 3920 1424 3999 esse
1450 3922 1684 4017 conformem,
1711 3952 1782 3997 non
1801 3926 1894 4028 quod

542 4022 679 4098 essentia
696 4021 784 4097 male
803 4028 838 4095 in
852 4024 1163 4125 impenetrabilitate
1179 4046 1342 4124 ponatur,
1374 4025 1429 4102 sed
1444 4034 1521 4128 quia
1541 4032 1624 4103 haec
1649 4024 1802 4101 desmitio
1825 4028 1896 4106 fine

543 4122 758 4199 antecedente
773 4132 916 4200 notione
932 4134 1085 4227 corporis
1100 4129 1240 4230 intelligi
1257 4135 1382 4233 nequit.
1434 4133 1468 4201 Si
1485 4136 1576 4203 enim
1601 4148 1790 4233 quaeratur,
1813 4131 1896 4233 quid

544 4226 584 4301 su
608 4222 782 4299 subslautia
803 4228 1086 4325 impenetrabilis?
1137 4257 1174 4301 ac
1203 4226 1462 4325 respondeatur,
1514 4259 1648 4333 quaea
1684 4236 1896 4329 corporibus,

540 4332 614 4403 ποι
634 4329 691 4416 cll,
714 4324 786 4401 aliis
807 4324 989 4404 substantiis
1017 4331 1322 4429 impenetrabilibus
1340 4337 1511 4430 penetrari
1533 4351 1696 4435 nequeat,
1720 4342 1898 4435 negotium

422 4426 428 4433 ’
547 4429 894 4533 minimeconficitur.
944 4429 1010 4507 Sed
1034 4436 1186 4535 quaruuir
1207 4434 1295 4507 hauc
1321 4428 1565 4551 proprietatem
1586 4434 1730 4512 uomriss
1740 4461 1782 4507 ex
1804 4465 1898 4513 com·

1723 4546 1899 4639 paratione
