4092 5134
371 426 449 549 434
901 410 1252 543 carcre„

272 592 279 607 .
366 649 437 723 que
455 640 574 714 corpus
591 633 655 682 tarn
671 607 817 709 perfecte
835 611 934 709 poliri
958 605 1073 709 posse,
1100 628 1137 682 ut
1154 604 1387 706 srictio'plane
1412 601 1611 690 euanescat‘,
1633 608 1718 703 quin

373 729 484 822 potius
500 710 720 812 lemp'er'l‘nris
737 715 873 783 notabili
891 711 998 783 adhuc
1014 718 1099 810 parti
1116 709 1283 782 srictionis
1296 713 1428 806 aequari
1444 702 1721 801 deprelrendit'ur.

375 830 485 911 Quare
509 844 592 917 qliae
624 812 716 913 supra
737 813 777 885 rlc
806 832 900 884 motu
928 838 1113 909 corporum
1139 808 1241 911 superd
1256 809 1355 910 plano
1378 804 1597 907 politiilimo‚
1625 784 1722 906 quotl
1744 814 1756 887 J

374 924 499 1015 inulam
527 926 639 1018 gignat
671 913 866 987 liictionem
890 972 900 1004 ,
928 911 1002 986 sont
1033 912 1128 985 allata
1152 920 1234 1002 ,.io
1258 916 1351 1013 praxi
1378 914 1574 1010 neutiquam
1604 902 1746 989 locum

374 1029 557 1097 inveniunt.
1431 1040 1435 1047 ·
1746 1036 1749 1041 ·

746 1167 974 1240 ,error
1011 1120 1247 1291 prata(
1312 1187 1336 1237 a

476 1362 550 1433 (ἦς.
579 1340 612 1408 Si
631 1360 752 1435 corpus
770 1328 956 1431 superficiei
981 1334 1167 1432 cuicunque
1191 1328 1385 1399 incumbens
1409 1322 1583 1426 quiescat,
1607 1326 1724 1401 {iruul-

375 1466 439 1541 que
456 1466 474 1508 a
492 1437 614 1509 viribus
630 1438 879 1537 quibuscunque
893 1428 1103 1529 sollicitetur,
1124 1428 1326 1528 distinguere
1344 1422 1457 1515 castis,
1484 1429 1602 1529 quibus
1616 1428 1653 1503 id
1665 1429 1723 1504 uel

374 1543 416 1613 ad
433 1558 566 1612 motum
581 1537 771 1639 impellatur
792 1534 846 1607 vel
861 1539 895 1603 iu
911 1539 1020 1633 quiete
1039 1526 1240 1630 perseveret.

814 1708 816 1712 ·
904 1706 1194 1809 soterio

199 1878 364 1980 1:531125,
479 1865 606 1933 Omnes
627 1862 741 1951 uires,
767 1853 885 1953 quibus
907 1842 1029 1954 eorpus
1054 1854 1176 1925 ABCD
1199 1846 1421 1939 sollicitatur,
1446 1832 1665 1947 'resolsantur
1684 1860 1723 1927 in

274 1966 280 1979 '
374 1964 494 2051 binas,
519 1986 660 2060 quarum
677 1956 777 2027 altera
794 1954 830 2026 lit
848 1952 888 2024 ad
914 1952 1124 2053 superficiem
1148 1953 1338 2038 normalis,
1365 1948 1468 2025 altere
1490 1958 1597 2027 eidem
1613 1954 1722 2056 paral·

375 2065 447 2136 lela.
500 2066 550 2133 Sit
566 2066 588 2130 P
605 2054 731 2129 summa
758 2063 912 2126 omnium
937 2054 977 2125 ad
1003 2053 1212 2152 superficiem
1232 2051 1581 2154 perpendicularituu,
1606 2077 1722 2157 quate.

373 2191 435 2238 nus
457 2187 581 2259 corpus,
597 2159 635 2227 ab
659 2164 698 2227 iis
721 2153 761 2225 ad
774 2152 988 2254 superficiem
1011 2161 1232 2254 apprimitur,
1271 2160 1336 2226 erit
1351 2160 1376 2227 P
1391 2154 1535 2254 prelsro,
1556 2154 1718 2261 foretque
1740 2236 1744 2243 ,

376 2256 422 2340 δῖ’
437 2258 575 2348 srielio,
604 2258 626 2328 sr
645 2283 764 2354 corpus
782 2276 991 2349 inereretur.
1042 2253 1144 2354 Qrod
1162 2253 1201 2326 ad
1217 2254 1337 2328 'alteras
1358 2262 1446 2330 vires
1465 2244 1586 2332 attinet
1599 2270 1726 2346 ,',t:on·¹

376 2363 558 2439 fideremus
575 2350 629 2432 lri'c
648 2378 777 2429 tautum
795 2355 918 2444 casum,
934 2381 1003 2459 quo
1019 2358 1058 2427 ab
1075 2361 1114 2426 iis
1138 2363 1276 2455 corpori
1294 2376 1406 2429 motus
1430 2344 1656 2461 progressivae
1666 2368 1738 2441 ,ina
1754 2440 1758 2453 Ι

380 2466 579 2551 duceretur,
608 2459 630 2531 fi
648 2458 737 2532 nulla
752 2453 831 2530 esset
848 2456 983 2541 friclioa
1001 2463 1170 2556 quoniam
1189 2480 1300 2531 arrotus
1313 2467 1504 2557 gyratorius
1521 2458 1722 2559 atripliorem

376 2566 519 2669 postulat
547 2561 779 2636 evolutionem
800 2556 887 2631 iufra
909 2554 1160 2657 stileipiendnm.
1231 2564 1318 2633 Cum
1344 2566 1447 2660 igitur
1464 2568 1601 2661 ,eorpus
1621 2562 1723 2635 alitam
1741 2616 1754 2627 -.

378 2689 512 2751 mettun
527 2664 588 2737 nili
613 2659 792 2735 secundum
815 2659 1038 2733 direeiionem
1060 2658 1243 2759 superficiei
1265 2668 1415 2759 recipere
1436 2684 1607 2762 nequeat,
1630 2660 1743 2737 uires·

380 2773 459 2842 lruic
475 2765 648 2869 parallelae
664 2762 753 2863 quasi
767 2767 823 2833 uui
849 2763 974 2860 punclo
993 2761 1171 2859 applicatae
1193 2758 1401 2859 spatientur,
1423 2760 1720 2867 earruuqueflquae·

378 2893 470 2944 ratur
488 2866 722 2965 aequivalens,
748 2890 832 2961 quan
849 2863 887 2934 lit
902 2899 941 2933 =
960 2867 991 2933 V
1013 2859 1190 2933 seeundum
1207 2861 1429 2937 direslionem
1448 2868 1501 2937 BF
1519 2892 1656 2964 urgens,
1673 2888 1718 2940 at·
1756 2856 1758 2863 ¹

377 2999 443 3042 rue
460 2965 670 3040 irrauisellurn
687 2965 745 3048 cll,
762 2962 920 3063 quarutliu
935 2961 1082 3034 fueritV
1107 2979 1146 3047 <
1167 2951 1212 3037 sl)
1235 2991 1355 3064 corpus
1371 2973 1404 3035 in
1428 2975 1539 3065 quiete
1556 2961 1632 3040 else*
1649 2996 1720 3065 per.

378 3002 637 3161 scamnorum,
664 3092 769 3165 neque
800 3064 833 3136 id
857 3072 1068 3137 commoveri
1093 3060 1196 3164 posse,
1221 3066 1281 3138 uisi
1298 3075 1347 3138 uis
1366 3064 1542 3139 sollicitau's
1564 3072 1728 3161 ismajoq
1755 3068 1758 3153 2

351 3196 358 3207 ·
376 3171 479 3245 fuerit
496 3229 505 3259 ,
533 3195 633 3270 quam
649 3160 707 3247 21³.
758 3167 926 3239 Habemus
942 3191 1026 3265 ergo
1044 3193 1108 3266 pro
1125 3173 1157 3237 vi
1183 3163 1382 3241 sollicitante
1409 3172 1442 3239 V
1461 3176 1643 3241 terminum
1667 3171 1723 3260 2l’,

377 3302 447 3375 quo
462 3273 487 3345 sr
501 3278 549 3344 vis
574 3268 674 3353 suerit
689 3271 829 3354 minor,
850 3267 963 3357 rnrllus
985 3291 1096 3338 motus
1118 3265 1156 3338 sit
1177 3265 1445 3370 consectaretur,
1471 3270 1519 3344 sm
1540 3290 1654 3346 autem
1673 3268 1723 3346 sn·
1746 3328 1759 3349 ,.

378 3382 444 3449 erit
457 3381 595 3469 major,
619 3391 698 3471 turn·
707 3366 844 3441 demum
853 3388 971 3468 ‘neotus
993 3365 1207 3468 producatur.
1448 3378 1452 3385 '

892 3536 1132 3631 CORQLL
1181 3559 1207 3607 n
1756 3538 1759 3673 p

480 3705 556 3789 976.
584 3696 675 3764 Cum
695 3715 819 3788 corpus
844 3682 880 3759 in'
908 3697 1017 3789 quiete
1039 3687 1211 3789 perliller'e
1234 3708 1379 3792 pergat,
1405 3689 1561 3791 quamdiu
1578 3692 1728 3773 fueritV

385 3812 426 3882 <
441 3800 495 3887 JP,
513 3793 626 3864 srislio
643 3789 805 3883 censenda
820 3790 864 3860 esl
880 3796 950 3860 viru
967 3817 1122 3863 exercere
1137 3790 1197 3890 ipsa
1214 3797 1248 3861 vi
1264 3796 1294 3861 V
1319 3793 1489 3892 aequalem
1515 3815 1548 3866 et
1566 3798 1730 3875 contr'ari.
1757 3806 1759 3831 ³

381 3923 466 3972 arnt
497 3892 628 3965 sterrim
644 3890 766 3963 fortius
781 3918 820 3962 ur
842 3913 945 3979 eret,
972 3918 1096 3991 corpus
1110 3897 1145 3987 in
1159 3890 1288 3993 plagam
1315 3890 1499 3993 oppositam
1519 3900 1578 3970 ΑΕ
1598 3894 1731 3981 moveri
1757 3946 1759 3989 ;

383 3998 548 4083 deberet,
574 3990 668 4093 quod
684 3989 764 4066 effet
772 3917 974 4095 absumunt,
993 4020 1072 4065 curn
1089 3998 1123 4064 in
1141 3990 1337 4095 plagamBF
1353 3998 1523 4074 incitetur.
1756 4008 1759 4075 t

894 4166 1145 4240 canora
1205 4187 1234 4235 a
1756 4136 1760 4209 i

486 4339 560 4413 977.
584 4313 676 4386 Dtun
693 4312 914 4416 ergo'corpus
931 4314 1069 4418 quiescit
1087 4373 1099 4414 ,
1122 4314 1235 4389 trinio
1252 4320 1327 4391 'non
1349 4299 1612 4395 determinatam
1629 4334 1735 4401 exerit

351 4440 372 4457 r
386 4422 486 4523 vim,
513 4415 571 4492 sed
587 4410 799 4521 quevis-essu
812 4433 961 4524 tantam,
982 4436 1106 4522 quanta
1122 4443 1207 4521 opus
1221 4417 1324 4521 eil-ad
1339 4430 1638 4603 corpus-inquiepe
1654 4457 1735 4505 con·

1617 4556 1735 4609 ervm-
