<?xml version="1.0" encoding="UTF-8"?>
<!DOCTYPE html PUBLIC "-//W3C//DTD XHTML 1.0 Transitional//EN"
    "http://www.w3.org/TR/xhtml1/DTD/xhtml1-transitional.dtd">
<html xmlns="http://www.w3.org/1999/xhtml" xml:lang="en" lang="en">
 <head>
  <title>
</title>
<meta http-equiv="Content-Type" content="text/html;charset=utf-8" />
  <meta name='ocr-system' content='tesseract 3.04.00' />
  <meta name='ocr-capabilities' content='ocr_page ocr_carea ocr_par ocr_line ocrx_word'/>
</head>
<body>
  <div class='ocr_page' id='page_1' title='image "./theoriamotvscor00eulegoog/theoriamotvscor00eulegoog_0150.png"; bbox 0 0 4092 5134; ppageno 0'>
   <div class='ocr_carea' id='block_1_1' title="bbox 320 386 1306 521">
    <p class='ocr_par' dir='ltr' id='par_1_1' title="bbox 284 324 1306 521">
     <span class='ocr_line' id='line_1_1' title="bbox 320 386 1306 521; baseline -0.017 -21.599"><span class='ocrx_word' id='word_1_1' title='bbox 320 435 394 521; x_wconf 72' lang='lat'>‘114</span> <span class='ocrx_word' id='word_1_2' title='bbox 624 490 626 497; x_wconf 84' lang='grc'>,</span> <span class='ocrx_word' id='word_1_3' title='bbox 714 396 915 493; x_wconf 79' lang='lat' dir='ltr'>curun</span> <span class='ocrx_word' id='word_1_4' title='bbox 935 395 988 507; x_wconf 65' lang='lat'>1,</span> <span class='ocrx_word' id='word_1_5' title='bbox 1026 390 1105 483; x_wconf 83' lang='lat' dir='ltr'>na</span> <span class='ocrx_word' id='word_1_6' title='bbox 1125 386 1306 486; x_wconf 81' lang='lat' dir='ltr'>Moru</span> 
     </span>
    </p>
   </div>
   <div class='ocr_carea' id='block_1_2' title="bbox 339 544 924 763">
    <p class='ocr_par' dir='ltr' id='par_1_2' title="bbox 339 544 924 763">
     <span class='ocr_line' id='line_1_2' title="bbox 339 544 924 763; baseline -0.021 -40"><span class='ocrx_word' id='word_1_7' title='bbox 339 650 401 724; x_wconf 79' lang='lat' dir='ltr'>rc</span> <span class='ocrx_word' id='word_1_8' title='bbox 431 544 924 763; x_wconf 43' lang='lat' dir='ltr'>:Quoad-iffi</span> 
     </span>
    </p>
   </div>
   <div class='ocr_carea' id='block_1_3' title="bbox 933 590 1732 735">
    <p class='ocr_par' dir='ltr' id='par_1_3' title="bbox 933 590 1732 735">
     <span class='ocr_line' id='line_1_3' title="bbox 933 590 1732 735; baseline -0.011 -22"><span class='ocrx_word' id='word_1_9' title='bbox 933 697 943 728; x_wconf 90' lang='lat'>,</span> <span class='ocrx_word' id='word_1_10' title='bbox 980 638 1033 712; x_wconf 82' lang='lat' dir='ltr'>bis</span> <span class='ocrx_word' id='word_1_11' title='bbox 1071 630 1296 735; x_wconf 73' lang='lat' dir='ltr'>integralibus]</span> <span class='ocrx_word' id='word_1_12' title='bbox 1326 626 1396 734; x_wconf 68' lang='lat' dir='ltr'>per]</span> <span class='ocrx_word' id='word_1_13' title='bbox 1420 590 1547 706; x_wconf 89' lang='lat' dir='ltr'>totum</span> <span class='ocrx_word' id='word_1_14' title='bbox 1568 640 1732 733; x_wconf 31' lang='lat' dir='ltr'>corpus·</span> 
     </span>
    </p>
   </div>
   <div class='ocr_carea' id='block_1_4' title="bbox 342 785 1737 1045">
    <p class='ocr_par' dir='ltr' id='par_1_4' title="bbox 342 785 1737 1045">
     <span class='ocr_line' id='line_1_4' title="bbox 342 785 1737 1045; baseline 0.006 -105"><span class='ocrx_word' id='word_1_15' title='bbox 342 785 547 974; x_wconf 54' lang='lat' dir='ltr'>extcnqqmd</span> <span class='ocrx_word' id='word_1_16' title='bbox 562 878 585 951; x_wconf 84' lang='lat' dir='ltr'>fi</span> <span class='ocrx_word' id='word_1_17' title='bbox 601 906 683 981; x_wconf 85' lang='lat' dir='ltr'>ergo</span> <span class='ocrx_word' id='word_1_18' title='bbox 692 878 905 981; x_wconf 74' lang='lat' dir='ltr'>&#39;pundluruO</span> <span class='ocrx_word' id='word_1_19' title='bbox 926 879 961 945; x_wconf 90' lang='lat' dir='ltr'>iu</span> <span class='ocrx_word' id='word_1_20' title='bbox 978 871 1050 973; x_wconf 85' lang='lat' dir='ltr'>ipio</span> <span class='ocrx_word' id='word_1_21' title='bbox 1067 892 1187 949; x_wconf 89' lang='lat' dir='ltr'>centro</span> <span class='ocrx_word' id='word_1_22' title='bbox 1201 875 1340 947; x_wconf 88' lang='lat' dir='ltr'>inertiae</span> <span class='ocrx_word' id='word_1_23' title='bbox 1365 876 1382 944; x_wconf 91' lang='lat'>1</span> <span class='ocrx_word' id='word_1_24' title='bbox 1409 878 1580 1045; x_wconf 76' lang='lat' dir='ltr'>capiatur,</span> <span class='ocrx_word' id='word_1_25' title='bbox 1608 873 1697 947; x_wconf 87' lang='lat' dir='ltr'>haec</span> <span class='ocrx_word' id='word_1_26' title='bbox 1730 924 1737 929; x_wconf 97' lang='lat'>-</span> 
     </span>
    </p>
   </div>
   <div class='ocr_carea' id='block_1_5' title="bbox 219 970 1707 1589">
    <p class='ocr_par' dir='ltr' id='par_1_5' title="bbox 219 970 1707 1589">
     <span class='ocr_line' id='line_1_5' title="bbox 341 970 1700 1079; baseline -0.005 -23"><span class='ocrx_word' id='word_1_27' title='bbox 341 990 404 1057; x_wconf 88' lang='lat' dir='ltr'>tria</span> <span class='ocrx_word' id='word_1_28' title='bbox 419 978 591 1079; x_wconf 85' lang='lat' dir='ltr'>integralia</span> <span class='ocrx_word' id='word_1_29' title='bbox 600 981 738 1076; x_wconf 81' lang='lat' dir='ltr'>[de</span> <span class='ocrx_word' id='word_1_30' title='bbox 750 1039 760 1067; x_wconf 92' lang='lat'>,</span> <span class='ocrx_word' id='word_1_31' title='bbox 778 980 858 1077; x_wconf 67' lang='lat' dir='ltr'>sud</span> <span class='ocrx_word' id='word_1_32' title='bbox 865 984 909 1051; x_wconf 91' lang='lat' dir='ltr'><em>M</em></span> <span class='ocrx_word' id='word_1_33' title='bbox 922 1033 932 1063; x_wconf 90' lang='lat'>,</span> <span class='ocrx_word' id='word_1_34' title='bbox 960 995 993 1047; x_wconf 87' lang='lat' dir='ltr'>et</span> <span class='ocrx_word' id='word_1_35' title='bbox 1005 970 1365 1073; x_wconf 57' lang='lat' dir='ltr'>sszcvanescentj,</span> <span class='ocrx_word' id='word_1_36' title='bbox 1392 1002 1438 1047; x_wconf 91' lang='lat' dir='ltr'>un</span> <span class='ocrx_word' id='word_1_37' title='bbox 1463 1002 1480 1048; x_wconf 88' lang='lat' dir='ltr'>e</span> <span class='ocrx_word' id='word_1_38' title='bbox 1505 976 1592 1047; x_wconf 88' lang='lat' dir='ltr'>banc</span> <span class='ocrx_word' id='word_1_39' title='bbox 1617 1000 1700 1049; x_wconf 89' lang='lat' dir='ltr'>cen·</span> 
     </span>
     <span class='ocr_line' id='line_1_6' title="bbox 219 1073 1702 1180; baseline -0.004 -23"><span class='ocrx_word' id='word_1_40' title='bbox 219 1084 223 1097; x_wconf 89' lang='lat'>&#39;</span> <span class='ocrx_word' id='word_1_41' title='bbox 345 1092 387 1157; x_wconf 91' lang='lat' dir='ltr'>tri</span> <span class='ocrx_word' id='word_1_42' title='bbox 411 1086 548 1156; x_wconf 87' lang='lat' dir='ltr'>inertiae</span> <span class='ocrx_word' id='word_1_43' title='bbox 572 1078 725 1153; x_wconf 87' lang='lat' dir='ltr'><strong>indolem</strong></span> <span class='ocrx_word' id='word_1_44' title='bbox 744 1076 923 1167; x_wconf 85' lang='lat' dir='ltr'><strong>discimus,</strong></span> <span class='ocrx_word' id='word_1_45' title='bbox 953 1095 990 1149; x_wconf 92' lang='lat' dir='ltr'>ut</span> <span class='ocrx_word' id='word_1_46' title='bbox 1016 1074 1042 1149; x_wconf 86' lang='lat' dir='ltr'><strong>fi</strong></span> <span class='ocrx_word' id='word_1_47' title='bbox 1065 1102 1188 1180; x_wconf 84' lang='lat' dir='ltr'>corpus</span> <span class='ocrx_word' id='word_1_48' title='bbox 1212 1074 1342 1151; x_wconf 83' lang='lat' dir='ltr'><strong>secetur</strong></span> <span class='ocrx_word' id='word_1_49' title='bbox 1368 1073 1470 1175; x_wconf 87' lang='lat' dir='ltr'>plano</span> <span class='ocrx_word' id='word_1_50' title='bbox 1493 1102 1702 1179; x_wconf 85' lang='lat' dir='ltr'>quocunque</span> 
     </span>
     <span class='ocr_line' id='line_1_7' title="bbox 240 1175 1705 1286; baseline -0.006 -26"><span class='ocrx_word' id='word_1_51' title='bbox 240 1210 248 1227; x_wconf 94' lang='lat'><strong>·</strong></span> <span class='ocrx_word' id='word_1_52' title='bbox 343 1212 404 1286; x_wconf 88' lang='lat' dir='ltr'>per</span> <span class='ocrx_word' id='word_1_53' title='bbox 418 1202 571 1257; x_wconf 84' lang='lat' dir='ltr'>centrum</span> <span class='ocrx_word' id='word_1_54' title='bbox 588 1189 727 1255; x_wconf 89' lang='lat' dir='ltr'>inertiae</span> <span class='ocrx_word' id='word_1_55' title='bbox 742 1177 956 1266; x_wconf 84' lang='lat' dir='ltr'>transeunte,</span> <span class='ocrx_word' id='word_1_56' title='bbox 983 1175 1110 1279; x_wconf 86' lang='lat' dir='ltr'>lingula</span> <span class='ocrx_word' id='word_1_57' title='bbox 1128 1179 1295 1253; x_wconf 85' lang='lat' dir='ltr'>elementa</span> <span class='ocrx_word' id='word_1_58' title='bbox 1313 1184 1468 1277; x_wconf 87' lang='lat' dir='ltr'>corporis</span> <span class='ocrx_word' id='word_1_59' title='bbox 1492 1203 1553 1279; x_wconf 88' lang='lat' dir='ltr'>per</span> <span class='ocrx_word' id='word_1_60' title='bbox 1580 1176 1705 1277; x_wconf 77' lang='lat' dir='ltr'>distan-</span> 
     </span>
     <span class='ocr_line' id='line_1_8' title="bbox 345 1275 1703 1382; baseline -0.004 -23"><span class='ocrx_word' id='word_1_61' title='bbox 345 1294 404 1359; x_wconf 90' lang='lat' dir='ltr'>tias</span> <span class='ocrx_word' id='word_1_62' title='bbox 428 1284 466 1356; x_wconf 91' lang='lat' dir='ltr'>ab</span> <span class='ocrx_word' id='word_1_63' title='bbox 488 1285 556 1355; x_wconf 91' lang='lat' dir='ltr'>hoc</span> <span class='ocrx_word' id='word_1_64' title='bbox 576 1282 677 1382; x_wconf 91' lang='lat' dir='ltr'>plano</span> <span class='ocrx_word' id='word_1_65' title='bbox 700 1282 920 1382; x_wconf 84' lang='lat' dir='ltr'>multiplicata</span> <span class='ocrx_word' id='word_1_66' title='bbox 943 1286 1102 1381; x_wconf 88' lang='lat' dir='ltr'>utrinque</span> <span class='ocrx_word' id='word_1_67' title='bbox 1134 1280 1275 1357; x_wconf 79' lang='lat' dir='ltr'>crudem</span> <span class='ocrx_word' id='word_1_68' title='bbox 1305 1275 1470 1351; x_wconf 80' lang='lat' dir='ltr'>l&#39;ruruuam</span> <span class='ocrx_word' id='word_1_69' title='bbox 1502 1279 1703 1379; x_wconf 88' lang='lat' dir='ltr'>producant.</span> 
     </span>
     <span class='ocr_line' id='line_1_9' title="bbox 347 1378 1706 1487; baseline -0.004 -27"><span class='ocrx_word' id='word_1_70' title='bbox 347 1392 460 1487; x_wconf 80' lang='lat' dir='ltr'>Atque</span> <span class='ocrx_word' id='word_1_71' title='bbox 476 1390 520 1455; x_wconf 87' lang='lat' dir='ltr'>ita</span> <span class='ocrx_word' id='word_1_72' title='bbox 539 1382 755 1484; x_wconf 86' lang='lat' dir='ltr'>intelligenda</span> <span class='ocrx_word' id='word_1_73' title='bbox 769 1381 861 1470; x_wconf 88' lang='lat' dir='ltr'>suru,</span> <span class='ocrx_word' id='word_1_74' title='bbox 887 1407 970 1483; x_wconf 90' lang='lat' dir='ltr'>quae</span> <span class='ocrx_word' id='word_1_75' title='bbox 988 1380 1031 1454; x_wconf 86' lang='lat' dir='ltr'>de</span> <span class='ocrx_word' id='word_1_76' title='bbox 1046 1383 1178 1485; x_wconf 88' lang='lat' dir='ltr'>aequali</span> <span class='ocrx_word' id='word_1_77' title='bbox 1193 1386 1352 1457; x_wconf 88' lang='lat' dir='ltr'>materiae</span> <span class='ocrx_word' id='word_1_78' title='bbox 1362 1378 1596 1455; x_wconf 82' lang='lat' dir='ltr'>distributione</span> <span class='ocrx_word' id='word_1_79' title='bbox 1614 1388 1706 1481; x_wconf 71' lang='lat' dir='ltr'>qirca</span> 
     </span>
     <span class='ocr_line' id='line_1_10' title="bbox 349 1478 1707 1589; baseline 0.001 -29"><span class='ocrx_word' id='word_1_80' title='bbox 349 1506 504 1560; x_wconf 85' lang='lat' dir='ltr'>centrum</span> <span class='ocrx_word' id='word_1_81' title='bbox 539 1478 657 1557; x_wconf 79' lang='lat' dir='ltr'>mall&#39;ac</span> <span class='ocrx_word' id='word_1_82' title='bbox 685 1481 754 1581; x_wconf 41' lang='lat' dir='ltr'>,seu</span> <span class='ocrx_word' id='word_1_83' title='bbox 788 1490 926 1559; x_wconf 85' lang='lat' dir='ltr'>inertiae</span> <span class='ocrx_word' id='word_1_84' title='bbox 967 1480 1152 1556; x_wconf 89' lang='lat' dir='ltr'>secundum</span> <span class='ocrx_word' id='word_1_85' title='bbox 1171 1482 1707 1589; x_wconf 30' lang='lat' dir='ltr'>{aequalitatem...strumentorum</span> 
     </span>
    </p>
   </div>
   <div class='ocr_carea' id='block_1_6' title="bbox 349 1584 1722 2195">
    <p class='ocr_par' dir='ltr' id='par_1_6' title="bbox 349 1584 1194 1762">
     <span class='ocr_line' id='line_1_11' title="bbox 349 1584 555 1661; baseline -0.01 0"><span class='ocrx_word' id='word_1_86' title='bbox 349 1584 427 1661; x_wconf 88' lang='lat' dir='ltr'>sunt</span> <span class='ocrx_word' id='word_1_87' title='bbox 457 1585 555 1659; x_wconf 77' lang='lat' dir='ltr'>diua.</span> 
     </span>
     <span class='ocr_line' id='line_1_12' title="bbox 867 1686 1194 1762; baseline 0.009 -6"><span class='ocrx_word' id='word_1_88' title='bbox 867 1686 897 1756; x_wconf 86' lang='lat' dir='ltr'><em>C</em></span> <span class='ocrx_word' id='word_1_89' title='bbox 914 1686 986 1759; x_wconf 71' lang='grc' dir='ltr'>ΟΒ</span> <span class='ocrx_word' id='word_1_90' title='bbox 1005 1688 1128 1762; x_wconf 78' lang='lat' dir='ltr'>otu.</span> <span class='ocrx_word' id='word_1_91' title='bbox 1167 1712 1194 1759; x_wconf 89' lang='lat' dir='ltr'>r.</span> 
     </span>
    </p>

    <p class='ocr_par' dir='ltr' id='par_1_7' title="bbox 349 1780 1722 2195">
     <span class='ocr_line' id='line_1_13' title="bbox 449 1780 1722 1885; baseline 0.003 -28"><span class='ocrx_word' id='word_1_92' title='bbox 449 1802 524 1875; x_wconf 80' lang='lat'><strong>287.</strong></span> <span class='ocrx_word' id='word_1_93' title='bbox 548 1789 592 1883; x_wconf 48' lang='lat' dir='ltr'>,si</span> <span class='ocrx_word' id='word_1_94' title='bbox 617 1810 701 1885; x_wconf 83' lang='lat' dir='ltr'>ergo</span> <span class='ocrx_word' id='word_1_95' title='bbox 726 1785 774 1859; x_wconf 88' lang='lat' dir='ltr'>sm</span> <span class='ocrx_word' id='word_1_96' title='bbox 801 1782 853 1855; x_wconf 89' lang='lat' dir='ltr'>ula</span> <span class='ocrx_word' id='word_1_97' title='bbox 873 1793 1027 1884; x_wconf 82' lang='lat' dir='ltr'>corporis</span> <span class='ocrx_word' id='word_1_98' title='bbox 1051 1785 1219 1861; x_wconf 90' lang='lat' dir='ltr'>elementa</span> <span class='ocrx_word' id='word_1_99' title='bbox 1241 1780 1425 1863; x_wconf 84' lang='lat' dir='ltr'>secuudum</span> <span class='ocrx_word' id='word_1_100' title='bbox 1449 1784 1591 1861; x_wconf 81' lang='lat' dir='ltr'>eusdem</span> <span class='ocrx_word' id='word_1_101' title='bbox 1615 1786 1722 1861; x_wconf 72' lang='lat' dir='ltr'>dire-⁹·</span> 
     </span>
     <span class='ocr_line' id='line_1_14' title="bbox 349 1812 1705 1989; baseline 0.003 -30"><span class='ocrx_word' id='word_1_102' title='bbox 349 1887 500 1959; x_wconf 74' lang='lat' dir='ltr'>(lionem</span> <span class='ocrx_word' id='word_1_103' title='bbox 529 1912 547 1957; x_wconf 90' lang='lat' dir='ltr'>a</span> <span class='ocrx_word' id='word_1_104' title='bbox 575 1887 700 1959; x_wconf 82' lang='lat' dir='ltr'>viribus</span> <span class='ocrx_word' id='word_1_105' title='bbox 722 1812 876 1988; x_wconf 60' lang='lat' dir='ltr'>ipldrum</span> <span class='ocrx_word' id='word_1_106' title='bbox 898 1881 1043 1959; x_wconf 75' lang='lat' dir='ltr'>mall&#39;ulis</span> <span class='ocrx_word' id='word_1_107' title='bbox 1064 1888 1375 1989; x_wconf 74' lang='lat' dir='ltr'>proportionalibus</span> <span class='ocrx_word' id='word_1_108' title='bbox 1397 1886 1648 1987; x_wconf 69' lang='lat' dir='ltr'>sollicitentur,</span> <span class='ocrx_word' id='word_1_109' title='bbox 1664 1892 1705 1963; x_wconf 81' lang='lat' dir='ltr'>iis</span> 
     </span>
     <span class='ocr_line' id='line_1_15' title="bbox 350 1984 1708 2091; baseline 0.005 -33"><span class='ocrx_word' id='word_1_110' title='bbox 350 2014 415 2061; x_wconf 89' lang='lat' dir='ltr'>una</span> <span class='ocrx_word' id='word_1_111' title='bbox 432 1994 479 2058; x_wconf 84' lang='lat' dir='ltr'>vis</span> <span class='ocrx_word' id='word_1_112' title='bbox 496 1984 643 2061; x_wconf 77' lang='lat' dir='ltr'>surrumae</span> <span class='ocrx_word' id='word_1_113' title='bbox 658 1995 812 2060; x_wconf 86' lang='lat' dir='ltr'>onmium</span> <span class='ocrx_word' id='word_1_114' title='bbox 828 1986 970 2086; x_wconf 85' lang='lat' dir='ltr'>aequalis</span> <span class='ocrx_word' id='word_1_115' title='bbox 986 2007 1019 2060; x_wconf 93' lang='lat' dir='ltr'>et</span> <span class='ocrx_word' id='word_1_116' title='bbox 1033 1990 1217 2088; x_wconf 79' lang='lat' dir='ltr'>parallelo,</span> <span class='ocrx_word' id='word_1_117' title='bbox 1240 2009 1340 2091; x_wconf 87' lang='lat' dir='ltr'>atquc</span> <span class='ocrx_word' id='word_1_118' title='bbox 1360 1999 1397 2065; x_wconf 92' lang='lat' dir='ltr'>in</span> <span class='ocrx_word' id='word_1_119' title='bbox 1422 2010 1541 2067; x_wconf 88' lang='lat' dir='ltr'>centro</span> <span class='ocrx_word' id='word_1_120' title='bbox 1561 1996 1708 2067; x_wconf 78' lang='lat' dir='ltr'>inertias</span> 
     </span>
     <span class='ocr_line' id='line_1_16' title="bbox 351 2080 1554 2195; baseline 0.011 -36"><span class='ocrx_word' id='word_1_121' title='bbox 351 2088 511 2190; x_wconf 87' lang='lat' dir='ltr'>applicata</span> <span class='ocrx_word' id='word_1_122' title='bbox 527 2089 770 2190; x_wconf 87' lang='lat' dir='ltr'>aequivalebit‚</span> <span class='ocrx_word' id='word_1_123' title='bbox 800 2085 977 2189; x_wconf 78' lang='lat' dir='ltr'>siquidem</span> <span class='ocrx_word' id='word_1_124' title='bbox 999 2116 1121 2190; x_wconf 86' lang='lat' dir='ltr'>corpus</span> <span class='ocrx_word' id='word_1_125' title='bbox 1139 2090 1244 2167; x_wconf 84' lang='lat' dir='ltr'>fuerit</span> <span class='ocrx_word' id='word_1_126' title='bbox 1258 2088 1441 2195; x_wconf 78' lang='lat' dir='ltr'>rigidum..</span> <span class='ocrx_word' id='word_1_127' title='bbox 1548 2080 1554 2093; x_wconf 50' lang='lat'>⁸</span> 
     </span>
    </p>
   </div>
   <div class='ocr_carea' id='block_1_7' title="bbox 864 2258 1188 2337">
    <p class='ocr_par' dir='ltr' id='par_1_8' title="bbox 864 2258 1188 2337">
     <span class='ocr_line' id='line_1_17' title="bbox 864 2258 1188 2337; baseline 0.022 -10"><span class='ocrx_word' id='word_1_128' title='bbox 864 2258 1111 2337; x_wconf 75' lang='lat' dir='ltr'><strong><em>COROLL</em></strong></span> <span class='ocrx_word' id='word_1_129' title='bbox 1159 2286 1188 2334; x_wconf 78' lang='lat' dir='ltr'>a</span> 
     </span>
    </p>
   </div>
   <div class='ocr_carea' id='block_1_8' title="bbox 352 2382 1710 2795">
    <p class='ocr_par' dir='ltr' id='par_1_9' title="bbox 352 2382 1710 2795">
     <span class='ocr_line' id='line_1_18' title="bbox 454 2382 1708 2490; baseline -0.005 -21"><span class='ocrx_word' id='word_1_130' title='bbox 454 2404 528 2475; x_wconf 82' lang='lat'>288.</span> <span class='ocrx_word' id='word_1_131' title='bbox 554 2396 604 2465; x_wconf 79' lang='lat' dir='ltr'>Ac</span> <span class='ocrx_word' id='word_1_132' title='bbox 621 2386 759 2463; x_wconf 86' lang='lat' dir='ltr'>uicilsnn</span> <span class='ocrx_word' id='word_1_133' title='bbox 773 2384 798 2461; x_wconf 85' lang='lat' dir='ltr'>fi</span> <span class='ocrx_word' id='word_1_134' title='bbox 813 2394 951 2487; x_wconf 90' lang='lat' dir='ltr'>corpori</span> <span class='ocrx_word' id='word_1_135' title='bbox 969 2384 1080 2490; x_wconf 83' lang='lat' dir='ltr'>rigido</span> <span class='ocrx_word' id='word_1_136' title='bbox 1095 2393 1130 2460; x_wconf 91' lang='lat' dir='ltr'>in</span> <span class='ocrx_word' id='word_1_137' title='bbox 1147 2407 1264 2463; x_wconf 90' lang='lat' dir='ltr'>centro</span> <span class='ocrx_word' id='word_1_138' title='bbox 1282 2392 1424 2461; x_wconf 88' lang='lat' dir='ltr'>inertiae</span> <span class='ocrx_word' id='word_1_139' title='bbox 1446 2384 1612 2489; x_wconf 88' lang='lat' dir='ltr'>applicata</span> <span class='ocrx_word' id='word_1_140' title='bbox 1634 2382 1708 2463; x_wconf 54' lang='lat' dir='ltr'>fite&amp;</span> 
     </span>
     <span class='ocr_line' id='line_1_19' title="bbox 353 2484 1710 2593; baseline -0.001 -28"><span class='ocrx_word' id='word_1_141' title='bbox 353 2496 399 2565; x_wconf 90' lang='lat' dir='ltr'>rit</span> <span class='ocrx_word' id='word_1_142' title='bbox 415 2497 464 2563; x_wconf 84' lang='lat' dir='ltr'>uis</span> <span class='ocrx_word' id='word_1_143' title='bbox 483 2518 724 2593; x_wconf 88' lang='lat' dir='ltr'>quaecunque,</span> <span class='ocrx_word' id='word_1_144' title='bbox 754 2518 791 2563; x_wconf 89' lang='lat' dir='ltr'>ca</span> <span class='ocrx_word' id='word_1_145' title='bbox 817 2487 907 2589; x_wconf 79' lang='lat' dir='ltr'>quasi</span> <span class='ocrx_word' id='word_1_146' title='bbox 928 2516 987 2587; x_wconf 85' lang='lat' dir='ltr'>per</span> <span class='ocrx_word' id='word_1_147' title='bbox 1005 2496 1119 2561; x_wconf 86' lang='lat' dir='ltr'>omnia</span> <span class='ocrx_word' id='word_1_148' title='bbox 1134 2494 1289 2593; x_wconf 86' lang='lat' dir='ltr'>corporis</span> <span class='ocrx_word' id='word_1_149' title='bbox 1309 2488 1473 2561; x_wconf 85' lang='lat' dir='ltr'>elementa</span> <span class='ocrx_word' id='word_1_150' title='bbox 1495 2484 1605 2561; x_wconf 84' lang='lat' dir='ltr'>mallis</span> <span class='ocrx_word' id='word_1_151' title='bbox 1629 2512 1710 2587; x_wconf 84' lang='lat' dir='ltr'>pto·</span> 
     </span>
     <span class='ocr_line' id='line_1_20' title="bbox 352 2587 1710 2693; baseline 0.001 -29"><span class='ocrx_word' id='word_1_152' title='bbox 352 2592 589 2693; x_wconf 88' lang='lat' dir='ltr'>portionaliter</span> <span class='ocrx_word' id='word_1_153' title='bbox 605 2591 773 2665; x_wconf 87' lang='lat' dir='ltr'>dillributa</span> <span class='ocrx_word' id='word_1_154' title='bbox 788 2587 990 2663; x_wconf 78' lang='lat' dir='ltr'>considerari</span> <span class='ocrx_word' id='word_1_155' title='bbox 1012 2596 1150 2689; x_wconf 81' lang='lat' dir='ltr'>poterit.</span> <span class='ocrx_word' id='word_1_156' title='bbox 1224 2596 1336 2693; x_wconf 78' lang='lat' dir='ltr'>Atque</span> <span class='ocrx_word' id='word_1_157' title='bbox 1355 2591 1400 2663; x_wconf 89' lang='lat' dir='ltr'>ob</span> <span class='ocrx_word' id='word_1_158' title='bbox 1426 2590 1710 2692; x_wconf 73' lang='lat' dir='ltr'>aequivalentium</span> 
     </span>
     <span class='ocr_line' id='line_1_21' title="bbox 356 2689 1125 2795; baseline -0.001 -28"><span class='ocrx_word' id='word_1_159' title='bbox 356 2689 651 2795; x_wconf 75' lang='lat' dir='ltr'>effedlusinmotu</span> <span class='ocrx_word' id='word_1_160' title='bbox 668 2689 832 2768; x_wconf 88' lang='lat' dir='ltr'>turbando</span> <span class='ocrx_word' id='word_1_161' title='bbox 847 2710 946 2767; x_wconf 87' lang='lat' dir='ltr'>erunt</span> <span class='ocrx_word' id='word_1_162' title='bbox 962 2691 1125 2794; x_wconf 81' lang='lat' dir='ltr'>aequales.</span> 
     </span>
    </p>
   </div>
   <div class='ocr_carea' id='block_1_9' title="bbox 862 2860 1187 2934">
    <p class='ocr_par' dir='ltr' id='par_1_10' title="bbox 862 2860 1187 2934">
     <span class='ocr_line' id='line_1_22' title="bbox 862 2860 1187 2934; baseline -0.003 0"><span class='ocrx_word' id='word_1_163' title='bbox 862 2860 1187 2934; x_wconf 75' lang='lat' dir='ltr'>scttotlou.</span> 
     </span>
    </p>
   </div>
   <div class='ocr_carea' id='block_1_10' title="bbox 283 2976 1709 4513">
    <p class='ocr_par' dir='ltr' id='par_1_11' title="bbox 283 2976 1709 4513">
     <span class='ocr_line' id='line_1_23' title="bbox 283 2976 1709 3093; baseline 0.002 -37"><span class='ocrx_word' id='word_1_164' title='bbox 283 3066 286 3075; x_wconf 31' lang='lat'><strong>¹</strong></span> <span class='ocrx_word' id='word_1_165' title='bbox 454 2997 529 3081; x_wconf 83' lang='lat'><strong>289.</strong></span> <span class='ocrx_word' id='word_1_166' title='bbox 554 2980 692 3093; x_wconf 80' lang='lat' dir='ltr'>Qrodfi</span> <span class='ocrx_word' id='word_1_167' title='bbox 706 3010 790 3086; x_wconf 86' lang='lat' dir='ltr'>ergo</span> <span class='ocrx_word' id='word_1_168' title='bbox 806 3010 929 3086; x_wconf 90' lang='lat' dir='ltr'>corpus</span> <span class='ocrx_word' id='word_1_169' title='bbox 944 2981 1093 3086; x_wconf 87' lang='lat' dir='ltr'>rigidum</span> <span class='ocrx_word' id='word_1_170' title='bbox 1111 3010 1128 3053; x_wconf 87' lang='lat' dir='ltr'>a</span> <span class='ocrx_word' id='word_1_171' title='bbox 1143 2987 1181 3055; x_wconf 90' lang='lat' dir='ltr'>vi</span> <span class='ocrx_word' id='word_1_172' title='bbox 1205 2976 1431 3075; x_wconf 70' lang='lat' dir='ltr'>sollicitetur,</span> <span class='ocrx_word' id='word_1_173' title='bbox 1455 2988 1547 3081; x_wconf 78' lang='lat' dir='ltr'>cujus</span> <span class='ocrx_word' id='word_1_174' title='bbox 1562 2980 1709 3059; x_wconf 70' lang='lat' dir='ltr'>dicento</span> 
     </span>
     <span class='ocr_line' id='line_1_24' title="bbox 353 3078 1708 3189; baseline 0.003 -32"><span class='ocrx_word' id='word_1_175' title='bbox 353 3078 494 3157; x_wconf 86' lang='lat' dir='ltr'>transeat</span> <span class='ocrx_word' id='word_1_176' title='bbox 517 3111 576 3183; x_wconf 90' lang='lat' dir='ltr'>per</span> <span class='ocrx_word' id='word_1_177' title='bbox 601 3094 669 3179; x_wconf 87' lang='lat' dir='ltr'>ejus</span> <span class='ocrx_word' id='word_1_178' title='bbox 696 3104 852 3159; x_wconf 86' lang='lat' dir='ltr'>centrum</span> <span class='ocrx_word' id='word_1_179' title='bbox 874 3091 1041 3175; x_wconf 86' lang='lat' dir='ltr'>inertiae,</span> <span class='ocrx_word' id='word_1_180' title='bbox 1076 3084 1124 3157; x_wconf 91' lang='lat' dir='ltr'>illi</span> <span class='ocrx_word' id='word_1_181' title='bbox 1147 3082 1174 3157; x_wconf 77' lang='lat' dir='ltr'><strong>fi</strong></span> <span class='ocrx_word' id='word_1_182' title='bbox 1197 3092 1363 3187; x_wconf 84' lang='lat' dir='ltr'>quieverit</span> <span class='ocrx_word' id='word_1_183' title='bbox 1385 3108 1500 3160; x_wconf 86' lang='lat' dir='ltr'>motus</span> <span class='ocrx_word' id='word_1_184' title='bbox 1523 3080 1708 3189; x_wconf 62' lang='lat' dir='ltr'>progrlffi·</span> 
     </span>
     <span class='ocr_line' id='line_1_25' title="bbox 353 3184 1709 3289; baseline 0.004 -31"><span class='ocrx_word' id='word_1_185' title='bbox 353 3212 415 3259; x_wconf 79' lang='lat' dir='ltr'>rus</span> <span class='ocrx_word' id='word_1_186' title='bbox 432 3191 666 3287; x_wconf 87' lang='lat' dir='ltr'>imprimetur,</span> <span class='ocrx_word' id='word_1_187' title='bbox 688 3185 865 3260; x_wconf 80' lang='lat' dir='ltr'>sinautem</span> <span class='ocrx_word' id='word_1_188' title='bbox 883 3195 949 3285; x_wconf 85' lang='lat' dir='ltr'>jam</span> <span class='ocrx_word' id='word_1_189' title='bbox 965 3206 1062 3260; x_wconf 91' lang='lat' dir='ltr'>motu</span> <span class='ocrx_word' id='word_1_190' title='bbox 1076 3184 1286 3289; x_wconf 82' lang='lat' dir='ltr'>progreffivo</span> <span class='ocrx_word' id='word_1_191' title='bbox 1303 3187 1454 3278; x_wconf 83' lang='lat' dir='ltr'>feratur,</span> <span class='ocrx_word' id='word_1_192' title='bbox 1482 3196 1551 3284; x_wconf 85' lang='lat' dir='ltr'>ejus</span> <span class='ocrx_word' id='word_1_193' title='bbox 1566 3186 1709 3289; x_wconf 85' lang='lat' dir='ltr'>quidem</span> 
     </span>
     <span class='ocr_line' id='line_1_26' title="bbox 357 3284 1708 3391; baseline 0 -30"><span class='ocrx_word' id='word_1_194' title='bbox 357 3287 411 3361; x_wconf 84' lang='lat' dir='ltr'>rel</span> <span class='ocrx_word' id='word_1_195' title='bbox 425 3288 576 3362; x_wconf 84' lang='lat' dir='ltr'>celeritas</span> <span class='ocrx_word' id='word_1_196' title='bbox 600 3286 655 3361; x_wconf 86' lang='lat' dir='ltr'>vel</span> <span class='ocrx_word' id='word_1_197' title='bbox 677 3284 820 3363; x_wconf 77' lang='lat' dir='ltr'>diredlio</span> <span class='ocrx_word' id='word_1_198' title='bbox 842 3290 898 3363; x_wconf 85' lang='lat' dir='ltr'>rel</span> <span class='ocrx_word' id='word_1_199' title='bbox 920 3292 1069 3391; x_wconf 89' lang='lat' dir='ltr'>utraque&#39;</span> <span class='ocrx_word' id='word_1_200' title='bbox 1084 3291 1294 3379; x_wconf 84' lang='lat' dir='ltr'>mutabitur,</span> <span class='ocrx_word' id='word_1_201' title='bbox 1317 3316 1438 3365; x_wconf 87' lang='lat' dir='ltr'>verum</span> <span class='ocrx_word' id='word_1_202' title='bbox 1462 3311 1575 3363; x_wconf 87' lang='lat' dir='ltr'>tamen</span> <span class='ocrx_word' id='word_1_203' title='bbox 1598 3294 1647 3363; x_wconf 88' lang='lat' dir='ltr'>ita</span> <span class='ocrx_word' id='word_1_204' title='bbox 1672 3306 1708 3361; x_wconf 90' lang='lat' dir='ltr'>ut</span> 
     </span>
     <span class='ocr_line' id='line_1_27' title="bbox 354 3386 1707 3495; baseline 0.001 -28"><span class='ocrx_word' id='word_1_205' title='bbox 354 3412 468 3467; x_wconf 87' lang='lat' dir='ltr'>motus</span> <span class='ocrx_word' id='word_1_206' title='bbox 485 3409 617 3465; x_wconf 82' lang='lat' dir='ltr'>inaneat</span> <span class='ocrx_word' id='word_1_207' title='bbox 633 3386 870 3495; x_wconf 82' lang='lat' dir='ltr'>progreffiuus.</span> <span class='ocrx_word' id='word_1_208' title='bbox 920 3396 998 3465; x_wconf 89' lang='lat' dir='ltr'>Hoc</span> <span class='ocrx_word' id='word_1_209' title='bbox 1016 3390 1079 3480; x_wconf 83' lang='lat' dir='ltr'>est,</span> <span class='ocrx_word' id='word_1_210' title='bbox 1094 3389 1118 3463; x_wconf 83' lang='lat' dir='ltr'>fi</span> <span class='ocrx_word' id='word_1_211' title='bbox 1133 3396 1170 3465; x_wconf 88' lang='lat' dir='ltr'>iu</span> <span class='ocrx_word' id='word_1_212' title='bbox 1185 3417 1332 3492; x_wconf 90' lang='lat' dir='ltr'>corpore</span> <span class='ocrx_word' id='word_1_213' title='bbox 1347 3391 1462 3465; x_wconf 72' lang='lat' dir='ltr'>durtlar</span> <span class='ocrx_word' id='word_1_214' title='bbox 1478 3396 1707 3493; x_wconf 78' lang='lat' dir='ltr'>concipiamus</span> 
     </span>
     <span class='ocr_line' id='line_1_28' title="bbox 354 3488 1708 3595; baseline 0.003 -30"><span class='ocrx_word' id='word_1_215' title='bbox 354 3488 459 3565; x_wconf 80' lang='lat' dir='ltr'>lineas&#39;</span> <span class='ocrx_word' id='word_1_216' title='bbox 474 3494 578 3569; x_wconf 70' lang='lat' dir='ltr'>rectas</span> <span class='ocrx_word' id='word_1_217' title='bbox 595 3518 837 3594; x_wconf 85' lang='lat' dir='ltr'>quascunque,</span> <span class='ocrx_word' id='word_1_218' title='bbox 858 3518 916 3591; x_wconf 71' lang='lat' dir='ltr'>eae</span> <span class='ocrx_word' id='word_1_219' title='bbox 933 3492 1074 3569; x_wconf 88' lang='lat' dir='ltr'>durante</span> <span class='ocrx_word' id='word_1_220' title='bbox 1090 3511 1185 3565; x_wconf 90' lang='lat' dir='ltr'>motu</span> <span class='ocrx_word' id='word_1_221' title='bbox 1222 3514 1363 3595; x_wconf 86' lang='lat' dir='ltr'>erpetuo</span> <span class='ocrx_word' id='word_1_222' title='bbox 1379 3492 1440 3567; x_wconf 88' lang='lat' dir='ltr'>fibi</span> <span class='ocrx_word' id='word_1_223' title='bbox 1454 3494 1640 3569; x_wconf 85' lang='lat' dir='ltr'>manebunt</span> <span class='ocrx_word' id='word_1_224' title='bbox 1654 3516 1708 3593; x_wconf 80' lang='lat' dir='ltr'>pt·</span> 
     </span>
     <span class='ocr_line' id='line_1_29' title="bbox 354 3520 1706 3706; baseline -0.001 -40"><span class='ocrx_word' id='word_1_225' title='bbox 354 3591 516 3681; x_wconf 87' lang='lat' dir='ltr'>rallelae,</span> <span class='ocrx_word' id='word_1_226' title='bbox 543 3591 637 3695; x_wconf 92' lang='lat' dir='ltr'>quod</span> <span class='ocrx_word' id='word_1_227' title='bbox 652 3592 698 3667; x_wconf 87' lang='lat' dir='ltr'>cll</span> <span class='ocrx_word' id='word_1_228' title='bbox 720 3600 892 3667; x_wconf 87' lang='lat' dir='ltr'>criterium</span> <span class='ocrx_word' id='word_1_229' title='bbox 915 3612 1027 3668; x_wconf 87' lang='lat' dir='ltr'>motus</span> <span class='ocrx_word' id='word_1_230' title='bbox 1048 3520 1259 3695; x_wconf 65' lang='lat' dir='ltr'>progrediri.</span> <span class='ocrx_word' id='word_1_231' title='bbox 1317 3590 1515 3706; x_wconf 77' lang='lat' dir='ltr'>Quomodo</span> <span class='ocrx_word' id='word_1_232' title='bbox 1539 3620 1628 3695; x_wconf 84' lang='lat' dir='ltr'>ergo</span> <span class='ocrx_word' id='word_1_233' title='bbox 1647 3596 1706 3667; x_wconf 82' lang='lat' dir='ltr'>bn-</span> 
     </span>
     <span class='ocr_line' id='line_1_30' title="bbox 353 3690 1705 3797; baseline 0.004 -33"><span class='ocrx_word' id='word_1_234' title='bbox 353 3693 500 3789; x_wconf 83' lang='lat' dir='ltr'>jusmodi</span> <span class='ocrx_word' id='word_1_235' title='bbox 516 3714 647 3769; x_wconf 86' lang='lat' dir='ltr'>motum</span> <span class='ocrx_word' id='word_1_236' title='bbox 662 3700 815 3797; x_wconf 82' lang='lat' dir='ltr'>corporis</span> <span class='ocrx_word' id='word_1_237' title='bbox 831 3692 930 3797; x_wconf 84' lang='lat' dir='ltr'>rigidi</span> <span class='ocrx_word' id='word_1_238' title='bbox 949 3693 1164 3773; x_wconf 86' lang='lat' dir='ltr'>determinari</span> <span class='ocrx_word' id='word_1_239' title='bbox 1179 3702 1379 3795; x_wconf 82' lang='lat' dir='ltr'>conveniet,</span> <span class='ocrx_word' id='word_1_240' title='bbox 1406 3702 1442 3769; x_wconf 90' lang='lat' dir='ltr'>in</span> <span class='ocrx_word' id='word_1_241' title='bbox 1454 3690 1618 3797; x_wconf 77' lang='lat' dir='ltr'>sequente</span> <span class='ocrx_word' id='word_1_242' title='bbox 1627 3718 1705 3795; x_wconf 85' lang='lat' dir='ltr'>pro·</span> 
     </span>
     <span class='ocr_line' id='line_1_31' title="bbox 286 3792 1705 3899; baseline 0.004 -36"><span class='ocrx_word' id='word_1_243' title='bbox 286 3858 288 3863; x_wconf 89' lang='lat'><em>.</em></span> <span class='ocrx_word' id='word_1_244' title='bbox 355 3792 499 3868; x_wconf 85' lang='lat' dir='ltr'>blemate</span> <span class='ocrx_word' id='word_1_245' title='bbox 525 3792 707 3873; x_wconf 85' lang='lat' dir='ltr'>uideamus.</span> <span class='ocrx_word' id='word_1_246' title='bbox 782 3800 924 3871; x_wconf 87' lang='lat' dir='ltr'>Interim</span> <span class='ocrx_word' id='word_1_247' title='bbox 950 3794 1137 3872; x_wconf 86' lang='lat' dir='ltr'>cauendum</span> <span class='ocrx_word' id='word_1_248' title='bbox 1156 3798 1231 3887; x_wconf 85' lang='lat' dir='ltr'>eil,</span> <span class='ocrx_word' id='word_1_249' title='bbox 1257 3822 1301 3871; x_wconf 89' lang='lat' dir='ltr'>ne</span> <span class='ocrx_word' id='word_1_250' title='bbox 1323 3796 1561 3899; x_wconf 89' lang='lat' dir='ltr'>aequivalentia</span> <span class='ocrx_word' id='word_1_251' title='bbox 1580 3802 1705 3871; x_wconf 89' lang='lat' dir='ltr'>virium</span> 
     </span>
     <span class='ocr_line' id='line_1_32' title="bbox 354 3892 1707 4003; baseline 0.003 -34"><span class='ocrx_word' id='word_1_252' title='bbox 354 3898 412 3969; x_wconf 86' lang='lat' dir='ltr'>hic</span> <span class='ocrx_word' id='word_1_253' title='bbox 426 3894 606 3969; x_wconf 79' lang='lat' dir='ltr'>monstrata</span> <span class='ocrx_word' id='word_1_254' title='bbox 628 3897 668 3971; x_wconf 93' lang='lat' dir='ltr'>ad</span> <span class='ocrx_word' id='word_1_255' title='bbox 690 3923 835 3998; x_wconf 90' lang='lat' dir='ltr'>corpora</span> <span class='ocrx_word' id='word_1_256' title='bbox 857 3926 932 3997; x_wconf 36' lang='lat' dir='ltr'>non,</span> <span class='ocrx_word' id='word_1_257' title='bbox 949 3899 1060 4003; x_wconf 89' lang='lat' dir='ltr'>rigida</span> <span class='ocrx_word' id='word_1_258' title='bbox 1084 3899 1306 3989; x_wconf 82' lang='lat' dir='ltr'>extendatur,</span> <span class='ocrx_word' id='word_1_259' title='bbox 1335 3896 1613 4003; x_wconf 87' lang='lat' dir='ltr'>quandoquidem</span> <span class='ocrx_word' id='word_1_260' title='bbox 1633 3892 1707 3973; x_wconf 75' lang='lat' dir='ltr'>bru·</span> 
     </span>
     <span class='ocr_line' id='line_1_33' title="bbox 355 3992 1707 4104; baseline 0.004 -35"><span class='ocrx_word' id='word_1_261' title='bbox 355 3992 551 4072; x_wconf 87' lang='lat' dir='ltr'>damentum</span> <span class='ocrx_word' id='word_1_262' title='bbox 568 4007 664 4095; x_wconf 87' lang='lat' dir='ltr'>ejus,</span> <span class='ocrx_word' id='word_1_263' title='bbox 713 3999 781 4075; x_wconf 91' lang='lat' dir='ltr'>uod</span> <span class='ocrx_word' id='word_1_264' title='bbox 799 4007 835 4073; x_wconf 90' lang='lat' dir='ltr'>in</span> <span class='ocrx_word' id='word_1_265' title='bbox 857 4002 1055 4104; x_wconf 88' lang='lat' dir='ltr'>aequilibrio</span> <span class='ocrx_word' id='word_1_266' title='bbox 1073 4002 1177 4077; x_wconf 72' lang='lat' dir='ltr'>redlis</span> <span class='ocrx_word' id='word_1_267' title='bbox 1194 4000 1241 4077; x_wconf 75' lang='lat' dir='ltr'>ett</span> <span class='ocrx_word' id='word_1_268' title='bbox 1256 3999 1427 4104; x_wconf 84' lang='lat' dir='ltr'>politum,</span> <span class='ocrx_word' id='word_1_269' title='bbox 1454 4020 1659 4093; x_wconf 90' lang='lat' dir='ltr'>corrueret,</span> <span class='ocrx_word' id='word_1_270' title='bbox 1682 3998 1707 4075; x_wconf 82' lang='lat' dir='ltr'>ti</span> 
     </span>
     <span class='ocr_line' id='line_1_34' title="bbox 355 4029 1706 4207; baseline 0.005 -39"><span class='ocrx_word' id='word_1_271' title='bbox 355 4098 457 4171; x_wconf 75' lang='lat' dir='ltr'>vertis</span> <span class='ocrx_word' id='word_1_272' title='bbox 473 4126 490 4171; x_wconf 90' lang='lat' dir='ltr'>a</span> <span class='ocrx_word' id='word_1_273' title='bbox 507 4101 632 4174; x_wconf 86' lang='lat' dir='ltr'>uiribus</span> <span class='ocrx_word' id='word_1_274' title='bbox 648 4029 755 4202; x_wconf 84' lang='lat' dir='ltr'>pollet</span> <span class='ocrx_word' id='word_1_275' title='bbox 776 4100 912 4183; x_wconf 65' lang='lat' dir='ltr'>inflecti.</span> <span class='ocrx_word' id='word_1_276' title='bbox 965 4108 1134 4207; x_wconf 76' lang='lat' dir='ltr'>Quocirca</span> <span class='ocrx_word' id='word_1_277' title='bbox 1155 4106 1214 4177; x_wconf 89' lang='lat' dir='ltr'>hic</span> <span class='ocrx_word' id='word_1_278' title='bbox 1236 4130 1382 4204; x_wconf 89' lang='lat' dir='ltr'>corpora</span> <span class='ocrx_word' id='word_1_279' title='bbox 1405 4122 1473 4175; x_wconf 85' lang='lat' dir='ltr'>tam</span> <span class='ocrx_word' id='word_1_280' title='bbox 1495 4102 1604 4204; x_wconf 87' lang='lat' dir='ltr'>rigida</span> <span class='ocrx_word' id='word_1_281' title='bbox 1627 4096 1706 4177; x_wconf 82' lang='lat' dir='ltr'>atlu·</span> 
     </span>
     <span class='ocr_line' id='line_1_35' title="bbox 353 4201 1707 4307; baseline 0.001 -32"><span class='ocrx_word' id='word_1_282' title='bbox 353 4228 414 4275; x_wconf 88' lang='lat' dir='ltr'>ruo</span> <span class='ocrx_word' id='word_1_283' title='bbox 430 4258 440 4291; x_wconf 89' lang='lat'>‚</span> <span class='ocrx_word' id='word_1_284' title='bbox 461 4220 497 4273; x_wconf 89' lang='lat' dir='ltr'>ut</span> <span class='ocrx_word' id='word_1_285' title='bbox 511 4229 529 4274; x_wconf 87' lang='lat' dir='ltr'>a</span> <span class='ocrx_word' id='word_1_286' title='bbox 543 4204 667 4276; x_wconf 84' lang='lat' dir='ltr'>uiribus</span> <span class='ocrx_word' id='word_1_287' title='bbox 682 4201 932 4281; x_wconf 86' lang='lat' dir='ltr'>sollicitantibus</span> <span class='ocrx_word' id='word_1_288' title='bbox 947 4206 1075 4280; x_wconf 88' lang='lat' dir='ltr'>nullam</span> <span class='ocrx_word' id='word_1_289' title='bbox 1087 4210 1309 4281; x_wconf 88' lang='lat' dir='ltr'>mutationem</span> <span class='ocrx_word' id='word_1_290' title='bbox 1323 4210 1359 4277; x_wconf 91' lang='lat' dir='ltr'>in</span> <span class='ocrx_word' id='word_1_291' title='bbox 1374 4204 1484 4306; x_wconf 84' lang='lat' dir='ltr'>figura</span> <span class='ocrx_word' id='word_1_292' title='bbox 1504 4202 1561 4279; x_wconf 90' lang='lat' dir='ltr'>sua</span> <span class='ocrx_word' id='word_1_293' title='bbox 1580 4211 1707 4307; x_wconf 88' lang='lat' dir='ltr'>patian-</span> 
     </span>
     <span class='ocr_line' id='line_1_36' title="bbox 355 4302 1706 4407; baseline 0.005 -33"><span class='ocrx_word' id='word_1_294' title='bbox 355 4321 410 4374; x_wconf 90' lang='lat' dir='ltr'>tur</span> <span class='ocrx_word' id='word_1_295' title='bbox 429 4328 440 4397; x_wconf 91' lang='lat'>;</span> <span class='ocrx_word' id='word_1_296' title='bbox 459 4330 496 4375; x_wconf 89' lang='lat' dir='ltr'>ac</span> <span class='ocrx_word' id='word_1_297' title='bbox 520 4302 677 4405; x_wconf 89' lang='lat' dir='ltr'>deinceps</span> <span class='ocrx_word' id='word_1_298' title='bbox 702 4306 934 4407; x_wconf 78' lang='lat' dir='ltr'>investigabo,</span> <span class='ocrx_word' id='word_1_299' title='bbox 994 4334 1072 4379; x_wconf 89' lang='lat' dir='ltr'>uam</span> <span class='ocrx_word' id='word_1_300' title='bbox 1092 4306 1192 4380; x_wconf 87' lang='lat' dir='ltr'>firma</span> <span class='ocrx_word' id='word_1_301' title='bbox 1212 4330 1332 4378; x_wconf 90' lang='lat' dir='ltr'>eorum</span> <span class='ocrx_word' id='word_1_302' title='bbox 1355 4331 1535 4407; x_wconf 85' lang='lat' dir='ltr'>cornpages</span> <span class='ocrx_word' id='word_1_303' title='bbox 1561 4303 1629 4380; x_wconf 85' lang='lat' dir='ltr'>effe</span> <span class='ocrx_word' id='word_1_304' title='bbox 1651 4304 1706 4381; x_wconf 85' lang='lat' dir='ltr'>dc·</span> 
     </span>
     <span class='ocr_line' id='line_1_37' title="bbox 353 4336 1705 4513; baseline 0 -34"><span class='ocrx_word' id='word_1_305' title='bbox 353 4405 428 4479; x_wconf 87' lang='lat' dir='ltr'>beat</span> <span class='ocrx_word' id='word_1_306' title='bbox 444 4458 455 4492; x_wconf 93' lang='lat'>,</span> <span class='ocrx_word' id='word_1_307' title='bbox 480 4424 518 4480; x_wconf 89' lang='lat' dir='ltr'>ut</span> <span class='ocrx_word' id='word_1_308' title='bbox 533 4406 704 4485; x_wconf 72' lang='lat' dir='ltr'>adiuuem</span> <span class='ocrx_word' id='word_1_309' title='bbox 722 4410 853 4513; x_wconf 41' lang='lat' dir='ltr'>virium·</span> <span class='ocrx_word' id='word_1_310' title='bbox 865 4406 935 4487; x_wconf 85' lang='lat' dir='ltr'>fine</span> <span class='ocrx_word' id='word_1_311' title='bbox 952 4336 1019 4481; x_wconf 83' lang='lat' dir='ltr'>ulla</span> <span class='ocrx_word' id='word_1_312' title='bbox 1034 4408 1372 4513; x_wconf 27' lang='lat' dir='ltr'>figurae-mutatione</span> <span class='ocrx_word' id='word_1_313' title='bbox 1387 4404 1555 4511; x_wconf 46' lang='lat' dir='ltr'>,tumuere</span> <span class='ocrx_word' id='word_1_314' title='bbox 1570 4410 1705 4482; x_wconf 86' lang='lat' dir='ltr'>valeant.</span> 
     </span>
    </p>
   </div>
   <div class='ocr_carea' id='block_1_11' title="bbox 1590 4526 1704 4601">
    <p class='ocr_par' dir='ltr' id='par_1_12' title="bbox 1590 4526 1704 4601">
     <span class='ocr_line' id='line_1_38' title="bbox 1590 4526 1704 4601; baseline -0.018 0"><span class='ocrx_word' id='word_1_315' title='bbox 1590 4526 1704 4601; x_wconf 76' lang='lat' dir='ltr'><em>PRO·</em></span> 
     </span>
    </p>
   </div>
   <div class='ocr_carea' id='block_1_12' title="bbox 0 0 2066 5134">
    <p class='ocr_par' dir='ltr' id='par_1_13' title="bbox 0 0 2066 5134">
     <span class='ocr_line' id='line_1_39' title="bbox 0 0 2066 5134; baseline 0 0"><span class='ocrx_word' id='word_1_316' title='bbox 0 0 2066 5134; x_wconf 95' lang='lat' dir='ltr'> </span> 
     </span>
    </p>
   </div>
  </div>
 </body>
</html>
