4092 5134
342 620 413 713 jam
437 608 576 686 vicillnn
605 612 744 715 angulus
766 612 816 687 do
839 610 998 704 elicitur,
1026 640 1089 719 per
1116 641 1220 717 quem
1241 641 1362 713 corpus
1378 618 1590 722 tempuscula
1610 621 1650 697 dt
1673 650 1694 696 a

1282 712 1430 797 Vfgdt2
1476 730 1482 739 '

341 772 470 855 virium
485 786 662 841 momento
668 767 731 865 ,Vs
736 760 959 868 promouetur
973 824 983 855 ‚
1011 762 1136 841 scilieet
1145 768 1201 843 ’λθ
1215 798 1254 839 =
1268 772 1690 905 W0001esil²⁸

304 894 310 901 ⁸
341 926 458 979 autem
491 902 688 1006 angularis,
730 930 832 1005 quam
861 931 981 1008 corpus
1011 906 1080 977 hoc
1104 906 1314 1007 tempuscula
1331 910 1371 983 dt
1384 914 1550 1011 acquirit,
1573 920 1637 987 crit
1651 946 1692 985 =

351 1003 501 1085 aVsgdt

342 1087 517 1199 W
530 1088 541 1147 3
571 1055 682 1158 licque
703 1056 918 1161 cognoscitur
946 1052 1087 1131 effecius
1108 1085 1126 1130 a
1149 1058 1276 1133 viribus
1301 1061 1552 1165 quibuscunque
1575 1070 1688 1166 primo

341 1199 513 1298 temporis·
525 1192 655 1268 inllauti
669 1206 708 1269 dt
728 1200 872 1297 genitus.

854 1363 1107 1451 COROLL
1159 1386 1184 1435 u

439 1502 509 1589 362.
534 1494 683 1599 Angulus
697 1522 781 1597 crgo
799 1496 848 1569 do
864 1493 942 1565 dato
961 1491 1169 1593 tempmculo
1183 1492 1224 1567 dt
1246 1492 1421 1571 coufeclur
1445 1492 1490 1569 cll
1506 1491 1632 1567 dirocle
1651 1510 1688 1565 ut
1726 1546 1734 1561 ,

339 1616 553 1696 momentum
571 1604 693 1672 virium
709 1600 774 1697 Vf,
802 1614 834 1671 ct
850 1600 1025 1693 reciproce
1040 1612 1076 1664 ut
1087 1590 1250 1693 integrale
1261 1588 1394 1689 lrrdril,
1409 1594 1499 1695 quod
1509 1596 1554 1665 cll
1569 1620 1687 1695 aggre-

385 1719 456 1773 tum
473 1698 627 1785 omnium
653 1706 806 1799 corporis
834 1695 1083 1770 elementorum
1105 1693 1182 1791 dut,
1192 1720 1255 1796 pec
1278 1692 1438 1797 qutadrata
1461 1694 1689 1799 distantiarum

356 1826 480 1905 uarum¹
490 1802 528 1875 ab
545 1826 603 1877 axe
618 1806 800 1905 gyrationis
823 1786 1138 1897 rutul'tiplicatorum.

850 1988 1098 2063 conoul„
1157 2008 1186 2056 2.
1290 2054 1293 2059 .

446 2132 517 2217 363.
539 2128 633 2198 llaec
649 2118 796 2196 forumla
810 2116 922 2193 limilis
940 2116 985 2189 eil
1005 2120 1059 2203 ci,
1086 2142 1151 2216 qua
1166 2120 1341 2215 generatio
1357 2131 1469 2186 motus
1488 2107 1687 2213 progrelllvi

339 2232 565 2331 exprimitur,
590 2224 671 2299 dum
688 2228 742 2296 hic
759 2222 837 2296 loco
851 2226 1206 2293 virium'momentmn
1229 2222 1351 2289 virium
1370 2274 1381 2312 ,
1409 2236 1442 2287 ct
1470 2206 1686 2285 lucernulae

333 2336 496 2431 corporis
519 2330 562 2401 M
582 2328 676 2401 valor
700 2323 870 2425 integralis
886 2322 1013 2417 srrdM
1023 2322 1179 2421 ‘capiatur
1196 2372 1209 2417 ‚
1229 2342 1332 2419 quem
1347 2316 1506 2419 'valorem
1529 2314 1685 2415 deinceps

339 2432 530 2537 meretum
550 2424 953 2531 inertiaetappellabitnus.
1055 2436 1058 2443 '
1466 2457 1473 2473 ·

878 2589 1155 2667 SCHOLION.

351 2722 353 2727 ¹
448 2730 523 2814 364.
550 2724 591 2793 ln
615 2720 688 2787 hoc
704 2744 787 2817 ergo
811 2716 1020 2813 problemate
1048 2711 1185 2786 effectus
1209 2720 1333 2787 virium
1359 2740 1634 2817 quarumcunque
1658 2719 1694 2783 in
1820 2712 1823 2717 ’

338 2840 438 2897 motu
454 2828 541 2891 cirea
557 2842 653 2889 axem
672 2814 776 2887 fixum
790 2810 985 2915 generando
1000 2810 1151 2915 perfecie
1166 2812 1212 2888 ell
1222 2812 1392 2906 definitus,
1408 2840 1445 2890 ut
1467 2817 1554 2889 nibil
1574 2814 1692 2914 ampli·

338 2946 379 2996 trs
397 2917 576 2992 desiderari
598 2936 706 3020 queat.
755 2911 1062 3025 Qemadmodum
1083 2922 1174 2991 enim
1190 2923 1313 2990 virium
1335 2917 1589 2993 sollicitantium
1615 2940 1691 2989 mo·

335 3040 453 3097 mema
467 3018 617 3121 respeClu
632 3025 699 3093 axis
716 3024 858 3113 cujusvis
877 3026 950 3121 capi
965 3014 1131 3107 debeant,
1160 3024 1195 3091 in
1218 3020 1340 3093 Statica
1367 3018 1530 3111 docetur,
1554 3038 1586 3093 et
1607 3042 1692 3093 mox

336 3124 467 3199 anobis
481 3128 663 3197 accuratius
682 3118 910 3219 explicabitur.
962 3124 1092 3193 Verum
1132 3138 1242 3194 taeter
1264 3118 1372 3223 ipsum
1386 3144 1520 3198 motum
1536 3126 1692 3225 genitum
1802 3201 1812 3215 .

333 3223 520 3329 plurimum
536 3224 671 3297 intercll
687 3226 743 3295 hie
760 3228 871 3319 uires,
899 3247 978 3323 quas
1001 3227 1067 3293 axis
1108 3222 1252 3307 ullium,
1278 3224 1527 3299 determinare:
1554 3228 1690 3325 hocque

336 3354 409 3401 non
424 3325 534 3401 solum
551 3345 587 3399 ut
603 3324 838 3425 intelligatur,
860 3328 1001 3425 quantis.
1014 3324 1140 3397 viribus
1163 3350 1246 3422 opus
1272 3326 1309 3397 fit
1329 3323 1371 3398 ad
1392 3354 1486 3398 axem
1511 3332 1688 3398 continen-

338 3426 444 3519 dum,
472 3457 515 3502 ne
531 3426 741 3502 dimoveatur
755 3456 766 3517 3
796 3422 853 3498 sed
868 3444 906 3499 ut
921 3420 1079 3527 deinceps
1096 3482 1107 3514 ,
1132 3422 1266 3527 putando
1282 3426 1321 3501 ad
1348 3450 1480 3500 ructum
1503 3450 1691 3529 corporum

336 3529 527 3633 rigidorum
543 3528 685 3623 liberum
698 3545 909 3601 reuertemur
926 3582 939 3625 ,
961 3526 1109 3623 judicare
1128 3526 1321 3617 ualeamus,
1345 3530 1544 3631 quibusnam
1562 3524 1686 3601 casibus

336 3632 522 3709 axis'nollas
535 3630 633 3731 plane
646 3634 733 3703 viros
754 3625 921 3709 sustineat.
972 3632 1066 3702 Haec
1082 3647 1195 3713 autem
1214 3632 1361 3731 quaellio
1376 3629 1416 3703 de
1435 3632 1580 3719 uiribus,
1605 3654 1686 3733 quas

335 3740 434 3809 axisa
453 3734 577 3808 uiribus
593 3729 840 3807 sollicitantibus
862 3728 1021 3829 sustinet,
1043 3730 1104 3805 etsr
1128 3739 1262 3805 unanimi
1286 3734 1330 3805 cll
1356 3740 1547 3823 caecutienti,
1573 3752 1687 3803 tamen

336 3834 445 3911 adhue
460 3844 570 3911 minus
585 3829 727 3907 lludiose
742 3832 786 3905 cll
808 3834 966 3923 crustata,
1004 3834 1228 3935 quamobrem
1256 3860 1396 3937 operam
1417 3832 1531 3925 dabo,
1551 3856 1588 3907 ut
1610 3824 1686 3909 cain

336 3938 526 4039 luculenter·
542 3956 574 4013 et
596 3934 747 4010 diunue
764 3933 933 4013 evolvam.

498 4080 500 4085 ’
789 4102 1139 4179 rnouuruu.
1189 4128 1236 4194 ις.

332 4320 426 4405 ribus
462 4330 710 4437 quibuscumque
755 4332 966 4423 ollicitetur,
1005 4330 1230 4413 determinare
1261 4344 1378 4425 vires,
1418 4344 1497 4440 quas
1517 4343 1583 4409 anic
1605 4330 1684 4405 iude

329 4428 481 4519 scutinei,

994 4538 1016 4609 S
1043 4562 1062 4625 3

455 420 533 509 DE
554 419 764 511 MOTUS
790 330 1565 526 GYRA'I'ORllGENERATlONll.
1630 460 1694 546 141

442 4234 509 4319 365.
539 4232 573 4303 Si
589 4256 711 4332 corpur
725 4234 753 4303 ri
780 4226 873 4302 idum
889 4227 1061 4333 quiescens
1075 4252 1107 4304 et
1121 4240 1208 4305 circa
1226 4260 1320 4307 axem
1336 4234 1442 4311 ἧκιιιῃ
1459 4232 1616 4307 mobilea
1635 4236 1684 4303 ui·
1803 4262 1808 4282 ··
1875 4186 1937 4245 ’μ
