4092 5134
522 352 949 507 cousuuunuo
986 394 1196 493 Morus
1222 404 1286 496 m
1316 346 1585 507 uenum
1672 438 1715 523 ι,

823 592 1181 697 ’Μιῑικιτιο
1204 613 1233 676 ⁷·

455 757 503 834 38.
530 745 563 814 Si
580 758 689 814 motus
706 741 746 815 fit
760 740 971 839 redilineus,
1003 740 1259 814 discussions
1282 739 1327 811 est
1350 738 1417 837 ipsa
1443 741 1562 832 recta,'
1586 748 1620 817 in
1645 763 1711 845 qua
1798 806 1801 811 .

352 844 413 921 fit:
437 841 487 916 fin
504 864 614 916 autem
631 840 735 917 fucrit
750 843 950 919 curvilineus
960 900 972 942 ,
996 846 1031 912 in
1048 845 1168 943 quovis
1184 835 1274 939 spatii
1289 844 1415 940 pundo
1434 859 1571 941 tangens
1588 871 1711 919 curvae

347 941 720 1049 praebetdireiiionern
736 966 859 1020 motus.
917 945 1031 1035 Quare
1052 948 1089 1017 in
1112 960 1210 1015 motu
1230 942 1417 1017 curvllinco
1440 938 1583 1019 directio
1604 952 1710 1023 conti-

347 1074 429 1155 uuo¹
439 1052 564 1123 mutari
580 1044 715 1149 dicitur,
743 1044 824 1135 duur
840 1053 876 1122 in
894 1044 1073 1121 rectilineo
1088 1062 1254 1147 perpetuo
1269 1052 1388 1133 eudem
1401 1061 1525 1123 manet.
1595 1032 1603 1051 ⁸

859 1214 1113 1289 conatu
1173 1236 1200 1287 n
1303 1230 1308 1241 “

453 1388 505 1491 39.
531 1363 685 1439 Direttio
703 1390 787 1466 ergo
803 1377 913 1435 motus
927 1356 1145 1461 cognoscitur
1158 1384 1200 1431 ex
1214 1357 1358 1460 angulo,
1397 1384 1468 1461 quo
1489 1386 1526 1433 ea
1549 1356 1590 1431 ad
1608 1385 1709 1433 unam

351 1466 411 1545 vel
424 1464 503 1539 duas
520 1466 625 1539 lineas
640 1466 744 1540 redas
761 1464 842 1535 fixas
860 1460 1050 1535 inclinatur.
1101 1460 1237 1533 Scilicet
1261 1458 1286 1532 fi
1306 1482 1418 1535 motus
1442 1461 1500 1534 fiat
1529 1467 1564 1533 in
1585 1458 1709 1536 eodem

311 1638 320 1645 .
350 1570 471 1675 plano,
484 1564 604 1642 sufficit
619 1576 686 1663 ejus
694 1563 949 1640 inclinationem
964 1560 1005 1635 ad
1022 1588 1124 1633 unam
1138 1562 1265 1635 rectam
1277 1562 1381 1635 lixam
1395 1559 1511 1640 nollet
1535 1564 1585 1649 fin
1596 1582 1709 1639 autern

352 1698 432 1749 non
447 1670 501 1745 fin
517 1677 553 1745 in
569 1666 691 1746 eodem
703 1667 826 1772 plano,
853 1674 922 1763 ejus
945 1663 1201 1741 inclinationem
1225 1659 1267 1737 ad
1287 1662 1367 1737 duas
1388 1665 1494 1739 redas
1515 1665 1597 1740 lixas
1612 1660 1707 1741 noss'e

354 1788 501 1877 OPOClei·

864 1917 1065 2018 conor
1081 1921 1117 1993 n
1165 1944 1195 1993 ι.

454 2098 512 2169 40.
537 2069 686 2147 ln'motu
703 2054 1030 2175 igitur'curvilineo,
1056 2068 1167 2144 statim
1181 2096 1219 2143 ac
1234 2046 1443 2144 linca'curua
1458 2097 1476 2144 a
1513 2072 1616 2148 undio
1631 2102 1707 2152 mo·

321 2198 393 2253 sto
412 2174 572 2279 descripta
587 2170 691 2249 fuerit
706 2181 859 2277 cognita,
884 2170 1066 2253 methodus
1083 2170 1278 2249 inveniendi
1296 2191 1467 2274 tangentes
1483 2098 1512 2249 d

349 2296 469 2359 motus
485 2284 523 2353 in
545 2274 680 2381 lingulis
698 2278 829 2379 pundis
845 2272 1080 2351 manifestabit.

862 2460 1197 2571 sonorior.

467 2633 515 2703 41.
541 2610 835 2716 Quemadmodum
850 2606 978 2685 'motus
999 2606 1078 2707 ,fine
1108 2604 1292 2699 celeritate,
1326 2610 1370 2681 ita
1396 2610 1498 2685 etiam
1518 2606 1588 2687 tine
1613 2606 1706 2689 dire:

350 2714 474 2791 ctione
483 2720 626 2815 cogitari
638 2720 775 2815 nequit,
798 2718 982 2803 cum-enim
998 2708 1162 2811 punctum
1185 2708 1399 2809 t'ernpusculo
1429 2720 1529 2787 etiam
1554 2721 1699 2791 minimo

348 2822 400 2893 ex
431 2812 493 2887 suo
519 2814 599 2887 loco
626 2820 663 2887 in
685 2816 788 2887 alirun
805 2810 962 2899 transeat,
980 2810 1110 2911 spatioli
1132 2818 1261 2884 interea
1275 2812 1423 2913 percurfi
1439 2815 1638 2918 magnitudo
1655 2818 1698 2891 ad

347 2913 608 3019 ternpusculum
624 2912 780 3017 applicata
795 2932 908 2988 motus
922 2912 1135 3003 celeritatem,
1162 2920 1231 3009 ejus
1249 2940 1332 2987 vero
1348 2912 1471 3014 pofitio
1486 2936 1595 2991 motus
1611 2916 1700 2993 dire·

350 3020 508 3093 dlionern
530 3018 672 3115 praebet.
734 3018 774 3089 ln
795 3021 907 3117 quiete
936 3010 1074 3116 quidem
1101 3014 1252 3087 celeritas
1281 3012 1467 3107 evanescit,
1506 3040 1701 3124 motusque,

351 3127 447 3219 cujus
463 3116 612 3192 celeritas
628 3118 674 3191 est
685 3115 793 3205 nulla,
819 3122 856 3189 in
870 3122 1018 3219 quietern
1039 3118 1128 3207 abit3
1155 3143 1275 3189 verum
1297 3116 1339 3191 de
1362 3125 1475 3220 quiete
1493 3118 1606 3196 dicere
1626 3149 1700 3197 non

352 3222 448 3321 licet,
497 3218 693 3293 'redionern
706 3243 845 3321 quoque
858 3214 1074 3307 evanescere,
1099 3216 1156 3293 led
1174 3226 1287 3317 potius
1303 3214 1497 3296 diretiionis
1521 3229 1609 3297 ratio
1628 3224 1699 3327 pln-

350 3350 395 3399 ne
413 3348 452 3395 cc
560 3320 606 3394 cll
623 3318 788 3423 putanda:
815 3318 920 3393 {latim
936 3324 1031 3393 enim
1042 3348 1080 3391 ac
1096 3322 1258 3419 pundnm
1272 3328 1445 3420 quiescere
1466 3320 1627 3415 dicimus,
1652 3351 1698 3399 nc

338 3510 341 3517 Ι
377 3422 502 3499 naellio
519 3406 656 3524 quidem
669 3420 711 3495 de
725 3417 915 3495 directione
933 3420 1049 3495 locum
1065 3422 1177 3499 haber.
1235 3422 1304 3495 Etsi
1327 3443 1440 3497 autern
1463 3430 1498 3499 in
1518 3443 1617 3499 motu
1644 3442 1698 3498 tot

350 3452 417 3603 lm
439 3550 510 3621 res,
527 3549 618 3624 ,quae
643 3528 678 3597 in
711 3530 780 3616 ejus
807 3528 1040 3623 cognitionem
1068 3521 1321 3625 ingrediuntur,
1348 3552 1426 3597 curn
1457 3534 1573 3627 quaeri
1599 3526 1698 3627 possit

349 3636 391 3701 1⁰.
416 3632 559 3725 Qmuam
571 3626 632 3697 loco
644 3626 794 3726 pussilum
803 3626 868 3725 post
882 3624 994 3697 Mum
1006 3646 1128 3727 tempus
1140 3628 1188 3719 stt
1211 3626 1388 3723 hastarum?
1445 3640 1491 3700 2⁰.
1516 3635 1699 3732 Quisnam

350 3730 467 3801 linem
478 3724 534 3818 seu
542 3724 689 3823 spatium
703 3732 824 3797 merea
835 3726 1023 3821 confecerit?
1067 3734 1115 3819 3⁰.
1139 3730 1301 3825 Quantam
1320 3734 1433 3828 quouis
1456 3749 1591 3829 tempore
1611 3730 1700 3803 hali·

351 3826 512 3919 numfir
525 3826 743 3899 celeritatem?
791 3832 838 3915 4⁰.
862 3828 1024 3921 Quaenam
1039 3833 1106 3923 ejus
1115 3826 1283 3921 suturafir
1298 3847 1400 3899 mortu
1415 3826 1572 3903 directior
1609 3856 1698 3930 quo·

351 3932 440 4001 niam
458 3922 611 3997 celeritas
627 3944 662 3996 et
675 3922 819 3997 'diredlio
836 3918 913 3997 sunt
926 3931 1110 4012 notiones,
1121 3951 1163 3997 ex
1179 3947 1293 4000 motus
1308 3923 1381 3999 idea
1397 3924 1582 4016 derivatae,
1597 3928 1700 4003 drun-

345 4024 456 4103 modo
471 4020 686 4127 quovis'·casu
704 4030 847 4127 primam
862 4025 1090 4125 quaestionem
1103 4023 1352 4119 resoluerimus,
1368 4028 1464 4102 sunul
1481 4054 1598 4103 omnes
1615 4056 1700 4107 con·
1749 4062 1756 4071 ··

350 4126 541 4201 fecerimus.
566 4124 669 4219 Quod
684 4152 754 4229 quo
767 4126 888 4201 clarius
910 4148 1106 4229 exponatur,
1122 4125 1302 4203 secundum
1316 4127 1412 4230 supra
1424 4126 1545 4203 fartam
1563 4127 1701 4207 divisio·

351 4254 451 4317 nem,
480 4233 541 4301 tria
562 4225 676 4307 rno'tus'
689 4254 814 4330 genera
836 4224 1034 4331 persequar,
1057 4257 1205 4331 quorum
1228 4238 1341 4332 primo
1364 4233 1525 4332 pundum
1550 4235 1586 4305 in
1614 4234 1702 4309 lines

350 4330 445 4405 reda
458 4336 592 4405 moveri
608 4324 786 4419 all'umanr,
810 4326 956 4405 secundo
970 4357 1053 4405 vero
1068 4329 1211 4433 spatium
1233 4333 1436 4433 descriptum
1459 4358 1601 4407 curuum
1626 4331 1699 4429 qui·

349 4430 433 4508 dem
445 4430 611 4535 ,statuam
632 4428 690 4509 sed
705 4438 742 4511 in
763 4430 885 4509 eodem
899 4432 1004 4547 plano
1022 4434 1182 4516 existens:
1242 4432 1509 4539 tertiodenique
1529 4430 1565 4505 id
1588 4444 1698 4525 genus

1616 4544 1699 4625 Pete

1507 2176 1708 2255 iredionem
1796 2192 1810 2222 ‘
