4092 5134
327 398 343 407 ’“
427 384 505 512 nu
522 382 718 517 causis
738 428 947 518 Morus
968 428 1256 517 urrunnu
1273 431 1382 520 suu
1400 426 1628 551 urruns,
1665 459 1709 543 55

342 621 387 695 su
411 622 617 715 habiturum,
653 624 675 697 li
695 627 734 699 ab
761 622 831 696 aliis
856 645 952 727 atque
977 625 1050 700 aliis
1074 629 1217 718 uiribus,
1245 655 1387 730 quarrun
1410 624 1564 705 mensura
1588 633 1708 704 Statica
1779 652 1782 659 ·

342 722 461 813 docet,
486 720 695 817 sollicitetur.
1397 726 1401 731 ’

809 884 1230 956 ΤΗΕΟΚΕΜΑΛ.

449 1039 518 1125 146.
539 1028 704 1130 Spatiola,
721 1052 781 1127 per
800 1050 884 1127 qnae
901 1027 991 1102 idem
1010 1031 1248 1129 corpusculum
1278 1029 1451 1137 quiescens
1479 1029 1600 1105 eodem
1620 1051 1703 1104 tenr-

343 1135 483 1239 puseulo
513 1135 561 1211 dt
588 1158 607 1203 a
633 1128 770 1211 diuersrs
805 1130 930 1201 viribus
966 1153 1210 1236 promovetur,
1249 1132 1324 1210 sunt
1354 1134 1430 1235 ipsu
1462 1137 1587 1207 viribus
1621 1160 1701 1236 pto·

342 1236 552 1345 portionalia.

302 1370 312 1387 ⁸
705 1384 1349 1465 DEMONSTRATIO.
1457 1448 1460 1453 .

426 1544 605 1615 „Ponamus
627 1532 865 1634 corpusculum
892 1540 953 1604 avi
976 1567 1013 1603 =
1023 1556 1048 1636 p
1069 1537 1280 1634 tempusculo
1306 1571 1345 1606 ε
1368 1539 1416 1612 dt
1437 1560 1497 1635 per
1524 1531 1704 1633 spatiolum

341 1675 379 1716 ε.-
408 1640 468 1718 da
489 1641 659 1743 protrahi3
700 1633 893 1708 acfifimul
910 1635 970 1706 alia
988 1643 1038 1706 vis
1060 1636 1205 1735 aequalis
1218 1634 1438 1740 psecundum
1455 1635 1596 1708 eandem
1614 1634 1701 1709 dire·

343 1746 492 1818 siionern
507 1741 597 1816 idem
613 1734 849 1837 corpusculum
867 1731 1081 1825 sollicitaret,
1108 1738 1146 1809 ab
1162 1766 1199 1810 ea
1224 1764 1359 1840 quoque
1386 1765 1446 1837 per
1472 1736 1609 1837 aequale
1635 1733 1704 1834 spa·

344 1843 467 1921 tioium
480 1878 519 1913 =
539 1844 595 1917 du
619 1842 893 1940 protraheretur,
921 1845 1080 1939 quoniam
1097 1843 1152 1911 hio
1168 1834 1306 1913 effeslus
1327 1845 1487 1939 aptiori,
1517 1834 1606 1910 unde
1627 1865 1701 1908 nro·

346 1934 689 2023 turtantuminfinite
713 1966 834 2042 parvus
859 1937 1021 2026 efficitur,
1049 1967 1120 2013 non
1146 1943 1345 2021 turbabitur.
1396 1944 1509 2042 Quare
1534 1943 1601 2012 hoc
1624 1965 1701 2011 cor-

302 2052 311 2061 “
344 2047 518 2153 pesculum
548 2049 625 2117 avi
651 2076 689 2111 =
714 2066 752 2146 ap
781 2038 995 2115 sollicitatum
1017 2043 1228 2144 tempusculo
1250 2078 1288 2115 ε
1310 2047 1357 2120 dt
1380 2070 1441 2146 per
1466 2039 1640 2145 spatiolum
1663 2070 1702 2110 -.-.·

319 2154 423 2229 'ade
439 2149 667 2250 protrahetur.
742 2142 850 2216 Simili
877 2141 983 2217 ruodo
1005 2143 1030 2216 fi
1053 2163 1271 2246 quotcunque
1300 2154 1388 2219 vires
1418 2143 1571 2247 aequales
1591 2142 1650 2245 ipss
1666 2165 1700 2244 p,

343 2280 483 2357 quarum
507 2273 668 2321 numerus
699 2277 737 2314 =
754 2273 793 2334 n,
830 2243 925 2319 firuul
946 2244 1129 2318 secundum
1145 2247 1285 2319 eandem
1308 2246 1580 2321 direslionemiu
1604 2241 1696 2316 idem
1842 2316 1847 2333 ‚

343 2351 578 2455 corpusculum
599 2344 772 2450 quiescens
794 2367 893 2448 agant
916 2374 977 2448 per
1002 2347 1334 2448 tempusculumdt,
1363 2349 1398 2423 id
1423 2346 1616 2451 propelleut
1638 2370 1700 2448 per
1781 2364 1789 2388 ’

334 2450 519 2569 ¹spatiolum
534 2485 574 2524 =
598 2450 652 2523 nd
657 2475 702 2538 at,
730 2454 789 2552 qui
805 2476 889 2554 ergo
906 2450 952 2522 cll
967 2444 1106 2523 effefflrs
1122 2456 1172 2522 vis
1192 2481 1230 2519 =
1254 2472 1315 2554 up.

886 2605 1094 2676 COROLL.
1123 2628 1149 2681 r.

443 2776 514 2841 147.
538 2756 573 2821 Si
602 2774 686 2848 ergo
701 2745 769 2815 duo
788 2743 915 2818 suerint
930 2746 1127 2847 corpuscula
1141 2746 1288 2849 aequalia
1311 2742 1525 2849 quiescentia,
1545 2767 1695 2843 quorum

341 2855 487 2929 alterum
503 2879 520 2919 a
536 2856 570 2918 vi
589 2880 626 2916 =
638 2872 678 2952 p,
705 2845 847 2918 alterurn
862 2874 879 2918 a
896 2849 929 2918 vi
951 2879 989 2918 :·.
1001 2852 1033 2947 ‚P
1051 2869 1210 2950 urgetur,
1238 2869 1337 2950 atque
1361 2843 1571 2947 tempusculo
1595 2876 1632 2912 =
1652 2842 1699 2917 dt

341 2953 426 3031 illud
442 2970 683 3053 promoveatur
697 2975 757 3049 pcr
777 2947 955 3054 spetiolum
971 2987 1017 3022 ε-
1034 2953 1061 3026 d
1067 2970 1104 3041 a,
1121 2954 1188 3025 boc
1204 2979 1287 3026 vero
1301 2977 1362 3056 per
1378 2948 1603 3053 spatiolum?
1622 2946 1646 3022 d
1651 2961 1696 3035 Ω,

343 3065 414 3160 erit·
432 3058 509 3130 du:
533 3055 596 3128 do
618 3084 656 3123 =
673 3073 714 3156 pt
741 3052 774 3122 Ρ.

854 3208 1111 3286 conell.
1152 3232 1183 3288 a.

339 3362 349 3369 ”
393 3313 406 3339 ⁸
438 3377 507 3452 148·
532 3341 616 3433 stunt
632 3363 734 3458 igitur
751 3355 786 3425 hi
802 3349 951 3445 effet‘lus,
970 3353 1092 3429 eodem
1108 3354 1320 3456 tempusculo
1345 3349 1521 3453 produsli,
1543 3347 1619 3448 ipsrs
1637 3347 1695 3420 'vi-

339 3468 427 3541 ribus
446 3460 694 3537 sollicitantibus
708 3456 1002 3557 proportionales,
1027 3459 1084 3532 ubi
1100 3458 1239 3562 quidem
1256 3456 1374 3531 eadem
1392 3458 1516 3526 virium
1536 3447 1694 3527 mensura
1782 3478 1788 3493 ‘

323 3566 529 3678 -usurpatur,
553 3568 691 3666 quaein
709 3564 831 3632 Statica
846 3557 1003 3633 docetur.

811 3712 1144 3789 scHoLtou
1196 3738 1224 3797 n

438 3886 515 3959 149.
539 3854 809 3937 Fundamentum
827 3863 924 3955 hujus
948 3859 1242 3950 demonstrationis
1266 3871 1302 3937 in
1322 3865 1390 3937 hoc
1412 3862 1572 3950 consulit,
1598 3857 1693 3962 quod

336 3974 426 4040 vires
444 3969 572 4043 santum
590 3992 652 4067 per
668 3965 801 4037 infinite
818 3989 961 4063 parvum
974 3968 1221 4065 tempusculum
1239 3992 1338 4071 agere
1355 3962 1501 4054 assumo,
1528 3971 1573 4037 ita
1594 3983 1633 4034 ut
1656 3968 1692 4035 in

337 4096 398 4149 cor
423 4068 540 4142 usculo
556 4088 666 4142 motus
683 4086 812 4157 tantum
827 4063 959 4136 infinite
975 4091 1095 4163 parvtrs
1111 4076 1291 4171 gignatur,
1314 4076 1371 4173 qui
1387 4095 1453 4170 pro
1466 4065 1560 4140 nullo
1574 4065 1692 4137 haberi

360 4095 445 4247 onir.
523 4174 612 4245 Curu
637 4176 729 4243 enim
749 4172 883 4242 evenire
906 4186 1016 4268 queat,
1065 4188 1102 4241 ut
1124 4172 1308 4275 impulso,¹
1345 4177 1486 4275 quaein
1510 4193 1691 4267 corpuscu-

317 4198 409 4353 ‚llun
423 4266 596 4372 ¹quiescens
618 4279 687 4344 vim
712 4303 750 4339 =
769 4294 792 4373 p
814 4275 942 4357 exerit,
973 4267 1092 4344 eadem
1105 4279 1148 4350 jn
1172 4275 1411 4380 corpusculum
1432 4291 1566 4361 motum
1589 4268 1689 4339 aliam

335 4379 407 4447 vim
419 4392 550 4463 exerat,
579 4377 660 4448 haec
690 4379 845 4473 exceptio
871 4377 906 4444 in
930 4373 1047 4447 nollro
1064 4376 1300 4457 Theoremate
1332 4378 1446 4450 locum
1477 4398 1549 4447 non
1577 4367 1689 4444 habet.

332 4472 474 4553 Etiamsi
480 4481 579 4579 ‚enim
591 4476 703 4578 plures
719 4473 925 4601 vires,ip1ip
938 4476 1390 4587 aequalesquafisucceffim
1404 4464 1690 4673 incorpusepgqqq
