4092 5134
502 408 587 495 nu
615 304 942 523 luxurius
968 412 1211 540 monus
1244 348 1605 545 ruiu‘c'iauu
1679 451 1722 541 u

368 602 503 669 ritatem
537 595 676 670 scnfibili
704 602 1175 705 argumento,confirment.·
1216 611 1375 679 Ceterum
1399 608 1506 706 probe
1532 608 1718 686 cavendum
1745 622 1751 635 ”

370 699 432 809 esi,
462 720 503 770 ne
517 704 583 774 hoc
598 707 739 789 axioma,
762 698 803 777 ad
826 722 958 776 motum
975 700 1162 779 absolutum
1182 704 1384 804 adsitisium,
1398 704 1566 808 admotus
1582 722 1717 817 quoquc

366 796 573 900 respec'h'vos
582 800 791 882 extendatur.
1307 820 1311 829 '

832 960 1178 1053 nnrrrurrro
1202 985 1251 1057 χο.

463 1100 515 1190 88.
531 1106 623 1179 Dum
639 1134 760 1211 corpus
778 1106 937 1195 absolute,
948 1106 1001 1177 vel
1017 1103 1167 1208 quiescit,
1195 1109 1251 1182 vei
1268 1112 1532 1215 aequabiliter-iu
1549 1115 1714 1194 directum
1770 1148 1776 1173 ¹

361 1226 603 1311 promovetur,
630 1219 666 1285 in
679 1211 781 1284 rudent
791 1212 882 1304 statae
892 1211 1099 1313 perseuerare
1113 1206 1246 1291 dicitur.

864 1364 1117 1441 cortou.
1179 1389 1205 1451 ι,
1279 1360 1284 1369 ’

460 1529 518 1606 39.
545 1512 654 1584 Ambo
672 1537 756 1611 ergo
772 1514 937 1584 axiomata
953 1509 1049 1581 allata
1066 1514 1109 1581 ita
1124 1518 1295 1583 enunciari
1312 1508 1467 1614 possunt,
1493 1537 1532 1589 ut
1556 1546 1712 1624 corpora,

354 1614 520 1722 quatenus
537 1615 576 1685 ab
592 1614 662 1687 aliis
678 1632 750 1685 non
764 1609 1012 1712 impediuntur,
1039 1615 1074 1681 in
1093 1618 1218 1685 eodem
1230 1615 1311 1685 statu
1324 1614 1550 1714 perseverent.

897 1764 1106 1837 cotton.
1141 1780 1180 1845 2.

341 1974 346 1983 .
454 1940 512 2016 90.
538 1919 573 1989 Si
594 1940 678 2015 ergo
703 1939 845 2017 corpus,
896 1908 989 2016 quod
1011 1933 1088 1987 ante
1115 1920 1313 2015 quieverat,
1335 1906 1469 1991 moveri
1483 1924 1622 2018 incipit,
1638 1922 1705 2009 vel,

351 2019 446 2127 ¹(prod
462 2037 606 2105 motum,
618 2023 840 2088 mutationem
855 2013 922 2087 sive
936 2020 971 2086 in
987 2013 1159 2117 celeritate
1173 2016 1241 2092 five
1257 2023 1293 2093 in
1309 2016 1496 2096 directione
1511 2029 1647 2122 patitur,
1669 2024 1706 2097 id
1792 2056 1796 2068 ·

343 2130 467 2223 statum
479 2124 575 2223 surim
589 2121 718 2216 mutaffe
740 2118 785 2193 est
802 2113 1015 2190 censendum.

699 2246 703 2259 '
801 2210 1235 2343 'sonoriora'
1348 2214 1359 2223 ⁶

539 2346 577 2389 Ὀ

350 2422 355 2429 ’
451 2447 499 2516 91.
524 2425 756 2498 Permancntia
781 2424 973 2522 inquiete,
1004 2415 1073 2491 five
1102 2424 1139 2492 in
1172 2435 1268 2489 motu
1284 2420 1288 2426 ’
1304 2420 1467 2522 aequabili
1515 2422 1704 2526 aedilium,

349 2553 423 2599 non
432 2532 617 2627 incongrue
618 2529 724 2621 status
732 2522 927 2626 appellatur,
937 2526 1015 2621 quia
1034 2548 1156 2622 corpus
1165 2518 1206 2592 ad
1218 2547 1292 2593 eam
1301 2517 1419 2622 sponte
1435 2521 1700 2605 determinatur:

348 2625 510 2730 quamdiu
529 2638 619 2701 enim
638 2653 759 2726 corpus
776 2623 835 2698 fibi
849 2624 896 2697 est
911 2623 1087 2709 relietum,
1110 2650 1219 2725 neque
1236 2622 1296 2695 ulli
1313 2645 1469 2698 externae
1485 2627 1609 2700 artioni
1626 2625 1700 2700 sub-

348 2729 495 2826 jesium,
520 2731 611 2799 reste
628 2734 662 2796 in
676 2725 799 2796 eodem
822 2726 903 2794 ssatu
923 2749 1059 2798 manere
1078 2720 1218 2811 dicitur,
1243 2722 1408 2823 siquidem
1434 2734 1578 2798 mutatio
1600 2729 1699 2802 status

347 2831 520 2903 aaronem
535 2848 707 2899 externam
723 2828 865 2896 innuere
884 2819 1028 2892 videtur.
1078 2818 1213 2892 Mansio
1226 2847 1311 2923 ergo
1324 2829 1361 2895 in
1383 2824 1506 2897 eodem
1527 2827 1609 2898 siatu
1629 2856 1698 2900 ma-

346 2938 439 3005 xime
468 2923 581 3001 diflert
606 2955 623 2999 a
637 2923 808 2998 mansione
820 2930 856 2997 in
873 2918 994 2995 eodem
1005 2921 1184 3010 loc0,cum
1200 2948 1266 3024 qua
1282 2942 1353 2996 turn
1368 2921 1505 2997 demunt
1523 2937 1696 3021 convenit,

345 3027 484 3137 quando
499 3056 619 3130 corpus
629 3023 785 3131 quiescit.
834 3024 888 3098 nd
906 3028 992 3096 hanc
1009 3023 1107 3097 statut
1123 3020 1233 3096 ideam
1247 3049 1310 3097 not
1324 3022 1535 3100 deduxerunt
1546 3037 1697 3105 axioma·

344 3156 378 3208 ta
392 3153 480 3221 ,ante
505 3131 659 3219 stabilita,
686 3152 796 3230 neque
818 3123 956 3199 viciffim
973 3123 1047 3196 idea
1062 3127 1265 3227 stattre,quae
1286 3154 1348 3227 per
1364 3125 1398 3201 se
1416 3122 1497 3203 ess'et
1513 3131 1695 3224 arbitraria,

343 3232 386 3310 ad
402 3260 522 3310 eorum
538 3237 769 3334 cognitionem
793 3226 916 3300 ducere
938 3220 1117 3327 potuisset3
1141 3230 1222 3301 hinc
1250 3250 1362 3302 autem
1383 3227 1453 3333 ipsa
1467 3234 1550 3306 haec
1567 3231 1641 3309 idea
1654 3236 1695 3310 si·

301 3346 420 3447 ‘''Uxam
438 3334 715 3439 significationem
734 3330 780 3404 esi
799 3322 930 3429 adepta.
1287 3417 1289 3421 y

792 3533 794 3539 ,
828 3480 1126 3605 parturum.
1149 3501 1189 3555 ιι.
1236 3484 1241 3493 ·

442 3667 494 3738 92.
519 3636 711 3736 Proprietas
734 3631 791 3706 iiia
813 3655 1018 3733 corporum,
1054 3656 1139 3731 quae
1161 3632 1328 3704 rationem
1357 3625 1634 3729 perseverationis
1655 3643 1692 3714 in

341 3741 464 3822 eodem
492 3738 574 3815 statu
597 3730 694 3835 inse
718 3739 893 3823 continet,
920 3741 1042 3809 inertia
1056 3730 1265 3835 appellatur:
1288 3729 1491 3837 quandoque
1517 3745 1693 3843 etiam-vie

338 3854 484 3927 inertiae.
785 3848 787 3855 '

391 3984 396 3995 '
884 3978 1091 4061 cortou.
1117 4002 1145 4067 ι.

446 4172 505 4244 93·
529 4148 656 4225 inertia
669 4142 757 4247 ergo
766 4164 846 4214 vera
865 4139 911 4212 est
925 4134 1037 4222 causa,
1062 4160 1122 4205 cur
1136 4090 1281 4233 corpora
1304 4136 1340 4207 in
1365 4128 1487 4211 eodem
1510 4138 1592 4214 statu
1610 4168 1704 4242 per··
1774 4214 1779 4221 ,

339 4244 510 4339 sererent,
539 4253 723 4327 cumcuim
739 4235 969 4339 causainipso
986 4260 1132 4335 corpore
1147 4233 1186 4308 sit
1197 4232 1401 4337 quaerenda,
1429 4265 1467 4313 ea
1489 4240 1559 4319 sino
1583 4241 1686 4317 dubio

324 4360 593 4459 'proncommuni
610 4356 766 4428 omnium
779 4368 965 4447 corporum
981 4343 1191 4457 proprietate
1204 4338 1323 4421 haberi
1340 4336 1453 4423 debet.

999 4544 1074 4619 Ea
