4092 5134
247 408 447 497 caum
458 409 522 497 11.‹
538 408 615 497 na
633 406 813 497 uo'ru
822 400 1163 534 omarouro
1181 414 1347 503 cruca
1364 402 1443 505 uc.
1474 449 1535 531 ιη

179 623 232 675 tra
246 608 282 673 in
298 628 356 674 axe
372 606 557 701 gyrationis
574 597 648 671 suut
663 598 731 675 lita.
759 664 762 671 .
784 599 918 699 Scilicet
940 602 1029 673 rer‘la
1052 630 1069 673 a
1091 610 1212 703 quovis
1235 611 1387 703 corporis
1406 607 1533 705 pundlo

180 704 223 775 ad
241 730 334 776 axem
349 700 546 775 normaliter
563 700 660 797 dudla
680 708 744 777 erit
770 700 879 775 radius
902 698 1045 791 circuli,
1077 710 1113 777 iu
1136 714 1227 799 cujus
1253 710 1445 807 peripheria
1466 710 1533 783 lroe

180 808 345 909 puudlum
368 824 537 882 movetur.

453 964 456 971 ’
511 964 515 975 ’
601 1052 604 1059 ,
697 974 1021 1073 COROLL3.

282 1125 342 1193 312
370 1100 538 1195 Quoniam
562 1094 675 1172 omnia
702 1100 855 1199 corporis
880 1100 1000 1197 puudla
1025 1116 1090 1167 taur
1112 1103 1200 1171 inter
1230 1094 1263 1169 se
1287 1100 1387 1199 qu'am
1409 1100 1448 1171 ab
1472 1126 1532 1171 axe

181 1222 344 1303 perpetuo
361 1200 492 1273 easdem
511 1198 641 1271 l'eruant
659 1199 847 1287 distantias,
875 1199 999 1301 singula
1013 1200 1135 1299 pundla
1160 1196 1281 1271 eodem
1302 1222 1455 1301 ternpore
1472 1229 1530 1299 per

180 1302 305 1377 struiler
322 1330 415 1377 arcus
432 1298 690 1403 progrediantur
703 1296 832 1375 uecelle
848 1302 918 1389 ell,
942 1330 981 1374 ex
1000 1328 1069 1401 quo
1079 1328 1200 1375 corum
1212 1300 1398 1375 celeritates
1411 1300 1532 1377 eodem

183 1393 339 1507 tempore
358 1426 457 1479 errmt
475 1410 562 1477 inter
574 1397 607 1478 se
627 1424 662 1477 ut
680 1432 799 1477 eorum
814 1400 983 1478 dillantiae
1000 1405 1039 1475 ab
1054 1429 1124 1483 axe.

700 1580 950 1663 COROLL.
989 1606 1021 1673 4.

292 1730 356 1804 213.
383 1714 469 1783 Cum
484 1719 550 1786 axis
565 1717 748 1813 gyratiouis
764 1732 894 1787 ruaueat
911 1716 1097 1811 inquiete,
1124 1712 1148 1785 li
1165 1716 1252 1783 unici
1269 1731 1441 1809 praeterea
1456 1697 1533 1783 cor'·

185 1816 280 1910 poris
299 1812 412 1911 puusli
436 1812 513 1886 sttus
536 1812 640 1887 fuerit
664 1821 817 1916 cognitus
842 1870 853 1910 ‚
888 1833 997 1887 exeo
1022 1818 1125 1887 totius
1154 1819 1306 1911 corporis
1332 1814 1408 1887 situs
1435 1819 1530 1885 iuno-

186 1908 317 1987 tescet:
344 1939 381 1987 ac
397 1914 527 1989 firmici
543 1918 657 2018 punrli
677 1916 882 1991 celeritatem
904 1921 1124 2005 noverimne,
1151 1920 1305 1989 omnium
1327 1917 1532 2019 poudlorum

187 2012 370 2089 celeritates
390 2014 547 2119 affignare
567 2026 765 2119 poterimus.
1499 2032 1502 2039 '

672 2190 1057 2273 Eretlcarro.

290 2338 358 2411 314.
383 2320 569 2411 Gyratione
585 2338 696 2395 motus
716 2322 871 2417 corporis
887 2322 930 2387 ita
947 2315 1181 2411 restringitur,
1204 2332 1241 2383 ut
1261 2308 1330 2383 duo
1349 2318 1418 2405 ejus
1435 2334 1535 2411 quae·
1569 2315 1638 2417 Flg.
1650 2342 1702 2409 29,

189 2416 267 2489 dam
284 2420 402 2515 pundla
419 2442 573 2495 maneant
589 2428 744 2495 iruruota:
772 2424 1003 2517 concipiantur
1022 2420 1114 2489 enim
1124 2420 1261 2511 corpori
1275 2412 1396 2485 ABCD
1409 2418 1445 2499 iu
1457 2439 1538 2511 pun·

191 2522 252 2591 (lis
271 2522 304 2601 E,
320 2541 352 2593 et
372 2526 396 2596 F
417 2521 486 2595 duo
509 2522 582 2619 llyli
607 2524 726 2625 infigi,
752 2548 789 2595 ac
814 2540 882 2594 tam
905 2520 1049 2593 firmiter
1076 2522 1240 2599 retineri,
1268 2533 1303 2586 ut
1329 2540 1537 2615 nequaquam

193 2620 358 2694 dimoveri
375 2644 497 2725 queant
513 2658 523 2716 3
555 2646 652 2727 atque
672 2628 722 2695 his
743 2623 834 2725 llylls
848 2650 917 2695 uon
933 2620 1132 2693 obstantibus
1150 2643 1270 2713 corpus
1288 2612 1396 2687 adhuc
1412 2614 1536 2715 duplici

193 2722 297 2795 modo
315 2733 447 2795 moueri
462 2734 614 2823 poterit,
640 2742 738 2823 prout
758 2730 791 2793 in
817 2724 923 2823 ligura
942 2724 1067 2827 pundla
1086 2726 1134 2805 A,
1152 2723 1193 2807 B,
1211 2722 1240 2791 C
1260 2718 1314 2789 vel
1339 2712 1464 2787 sursum
1486 2714 1538 2785 vel

192 2822 351 2897 deorsum
366 2846 537 2923 aguntur,
564 2852 647 2927 quae
669 2824 838 2897 diverfitas
862 2818 1189 2929 itascommodilsnue
1208 2826 1301 2892 iuuui
1325 2816 1433 2905 solet,
1456 2817 1536 2889 dum

194 2950 317 3023 corpus
336 2926 390 2995 vel
406 2929 543 3000 iulrunc
556 2930 686 3027 stolum
701 2926 754 2999 vel
773 2932 807 2999 in
831 2924 1023 3027 oppositum
1049 2930 1162 3027 gyrari
1181 2922 1315 3004 dicitur.
1356 2926 1538 2993 :Praeterea

195 3054 277 3101 uero
292 3036 452 3103 motusin
470 3049 646 3134 utrumque
662 3026 792 3117 sensum
810 3025 915 3103 fasma
930 3028 1069 3107 infinitis
1090 3024 1198 3101 modis
1219 3051 1282 3127 pro
1301 3026 1430 3095 ratione
1450 3023 1535 3106 cele-

194 3136 300 3202 ritatis
318 3136 435 3205 variari
451 3132 585 3232 potell3
610 3140 743 3235 cognita
760 3153 870 3205 autem
894 3132 1061 3205 celeritate
1078 3151 1189 3203 motus
1215 3122 1368 3199 nondum
1389 3120 1536 3198 innotes-

195 3240 267 3319 eit,
294 3234 354 3307 nisr
369 3231 568 3323 declaretur,
579 3242 621 3319 ¹in
641 3256 754 3323 utrum
771 3232 899 3311 sensatur
916 3256 1028 3309 motus
1048 3232 1115 3308 fiat.
1165 3236 1207 3303 At
1230 3232 1337 3303 llatim
1354 3256 1392 3300 ac
1417 3229 1535 3327 puntla

195 3338 224 3405 E
244 3354 276 3405 et
292 3337 316 3405 F
333 3341 366 3406 iu
383 3342 492 3435 quiete
511 3344 721 3424 retinentur,
744 3334 868 3439 lingula
885 3338 1004 3437 pundla
1026 3342 1115 3408 iuter
1133 3358 1170 3403 ea
1194 3336 1229 3400 in
1242 3331 1406 3402 dirrdlum
1432 3336 1534 3399 inter·

198 3443 335 3525 jaceutia
353 3464 488 3537 quoque
508 3436 702 3539 quiescent,
727 3446 858 3541 critque
882 3460 1059 3539 propterea
1082 3436 1171 3509 resla
1186 3436 1242 3507 EF
1260 3439 1328 3503 auis
1343 3438 1538 3529 gyrationis.

146 3622 148 3627 ¹
196 3544 292 3613 Tum
311 3537 332 3609 fi
351 3564 382 3610 m
399 3538 436 3609 lit
454 3542 610 3637 particula
627 3548 779 3643 corporis
797 3570 1025 3645 quaecuuque,
1048 3536 1190 3639 indeque
1207 3531 1247 3605 ad
1269 3558 1363 3605 axem
1386 3530 1442 3601 EF
1457 3548 1537 3603 n'ur·

196 3640 290 3714 malis
310 3638 450 3711 ducatur
465 3669 547 3729 nm,
577 3670 641 3744 qua
665 3666 821 3745 tanquam
844 3646 939 3715 radio
957 3652 992 3715 in
1008 3640 1108 3731 plano
1125 3638 1164 3711 ad
1185 3642 1240 3709 EF
1266 3631 1407 3711 normali
1432 3639 1540 3706 circu·

194 3744 246 3815 lus
262 3748 467 3841 concipiatur
482 3740 661 3845 descriptus
678 3806 688 3835 ‚
714 3750 797 3821 haec
811 3744 972 3849 particula
988 3773 1019 3819 m
1034 3744 1128 3816 aliter
1144 3740 1203 3813 uisr
1224 3747 1258 3812 iu
1275 3740 1463 3839 peripheria
1480 3740 1541 3809 hu-

197 3852 247 3940 jus
264 3844 378 3916 circuli
397 3852 528 3916 ruoveri
544 3852 687 3951 nequit,
718 3855 845 3953 eritque
868 3846 998 3951 semper
1020 3846 1171 3919 celeritas
1190 3842 1304 3945 puudli
1329 3870 1361 3917 m
1377 3834 1544 3947 distantiae

198 3972 260 4023 mu
278 3946 549 4049 proportionalis.

740 4118 1016 4191 SCHOLlON.

303 4261 366 4331 315.
392 4244 486 4314 Voce
497 4242 607 4341 [rufin
623 4248 677 4329 hic
693 4268 773 4329 utor
788 4244 945 4347 gallicum
964 4242 1089 4331 idioma
1107 4253 1251 4322 imitatus
1269 4306 1278 4344 ,
1303 4248 1461 4347 quoniam
1480 4258 1545 4303 uox
1558 4240 1644 4311 Tab.
1665 4246 1724 4317 lv.

176 4378 180 4385 ·
193 4338 323 4441 plaga,
347 4368 409 4441 qua
429 4342 484 4415 alii
501 4342 694 4441 uti-solent,
721 4346 898 4425 discrimen
916 4376 985 4421 nou
1003 4344 1077 4443 satit¹
1092 4352 1241 4425 iudicare
1257 4346 1397 4431 uidetur.
1452 4339 1544 4404 Cou-
1575 4344 1709 4445 Frg.30.

201 4442 344 4541 cipiatur
364 4448 452 4517 enim
467 4452 534 4519 axis
555 4460 739 4549 gyratiouis
756 4450 856 4557 plauo
872 4448 1100 4537 tabulaeinO
1115 4448 1312 4528 normaliter
1327 4432 1547 4523 iulillere,ad

853 4554 927 4647 Q2
953 4562 957 4569 ·
985 4558 1015 4569 ··
1277 4552 1288 4565 ‘
1447 4556 1549 4639 quem
