4092 5134
302 348 306 357 ’
399 324 725 487 ausouurrs
756 362 841 483 ax.
861 392 1048 513 Lauso
1079 396 1353 507 euavruu
1378 378 1618 497 rarius
1638 410 1701 551 7³.
1711 356 1715 365 ’

328 614 444 669 teneat
460 592 501 665 ad
517 586 653 665 rnalsam
672 588 811 688 alicuius
830 588 898 664 dati
917 596 1127 697 corporislin
1144 622 1181 669 ea
1199 604 1339 697 regione
1356 594 1543 677 exilientis.¹
1614 602 1700 693 Hor.¹

315 692 435 770 mbd'o
453 703 543 768 uires
565 715 598 767 et
612 690 731 766 massae
748 702 790 767 ad
806 699 1005 794 quantitates
1023 695 1256 797 bornogeneas
1282 694 1356 769 sunt
1381 695 1579 795 perdudiae‚
1615 728 1695 776 cum

326 798 424 871 ambo
442 824 502 897 per
516 794 665 895 pondera
679 794 780 868 limus
797 789 1004 891 expreffuri3
1032 817 1066 868 et
1083 806 1246 897 quoniam
1264 806 1300 870 in
1316 795 1600 870 nossrisformulis
1619 828 1694 899 per·

328 920 433 1001 petuo
453 905 541 970 uires
569 925 629 998 per·
650 893 765 993 malias
788 893 912 968 divisae
938 918 1138 984 occurrunt,
1165 899 1303 999 perinde
1328 899 1374 972 est
1403 926 1546 1001 quanam
1567 909 1695 975 unitate

291 1050 303 1099 ,-
329 1009 363 1073 iu
384 998 589 1103 ponderibus
607 994 820 1073 dimetiendis
838 1018 991 1083 utamur,
1016 997 1084 1071 sive
1100 998 1182 1071 libra
1199 1001 1265 1075 live
1283 1008 1406 1090 uncia;
1451 997 1581 1101 semper
1603 1011 1696 1083 enim

330 1124 452 1204 quotus
479 1130 518 1174 ex
542 1100 705 1174 divilione
732 1108 780 1171 vis
805 1105 988 1197 cuiuspiam
1013 1126 1073 1197 per
1093 1096 1231 1175 rrtaffarrr
1257 1100 1417 1175 resultans
1440 1126 1584 1187 munero
1603 1102 1696 1178 abso·

329 1205 402 1276 luto
422 1212 637 1304 exprimetur.
690 1208 800 1302 Atque
813 1196 892 1272 easu
910 1196 1047 1301 quidem
1059 1210 1242 1303 gravitatis,
1257 1232 1336 1278 cum
1355 1224 1425 1275 tam
1439 1213 1493 1277 ¹vis
1509 1203 1692 1281 sollicitant

327 1376 465 1459 pquam
486 1349 584 1424 maffa
602 1358 753 1451 corporis
773 1355 801 1422 A
820 1374 881 1451 per
896 1359 964 1447 ejus
981 1352 1114 1452 pondus
1132 1364 1358 1456 exprimatur,
1389 1362 1453 1429 erit
1471 1322 1528 1480 Ξ-
1568 1391 1607 1429 =
1656 1383 1692 1451 r,

327 1489 418 1563 unde
441 1487 552 1591 elapso
573 1510 757 1589 tempore-t
773 1486 1069 1589 grave2descendit
1090 1518 1152 1592 per
1174 1494 1384 1569 altitudinem
1401 1524 1417 1570 s
1435 1508 1516 1586 ze}
1546 1517 1637 1586 m,
1657 1523 1693 1573 et

762 1592 801 1646 ds

327 1650 472 1744 acquirit
514 1640 716 1715 celeritatem
755 1678 806 1758 {ff
834 1675 872 1711 =
897 1662 965 1730 ar,
990 1631 1055 1746 qua
1085 1670 1209 1748 eorpus
1232 1642 1450 1720 uniformiter
1479 1648 1583 1722 latum
1611 1670 1695 1725 tem-

325 1807 413 1882 pore
432 1800 639 1879 tpercurret
650 1777 792 1879 spatium
811 1816 850 1851 :.
870 1802 940 1864 att
965 1816 1002 1853 =
1031 1808 1084 1857 ιι.

776 1935 1173 2008 urrorrrrsrr.
1223 1960 1250 2024 ς.

431 2074 501 2249 xpp.
527 2053 563 2122 In
579 2044 780 2125 demerenda
801 2049 992 2153 temporibus
1012 2071 1162 2155 perpetuo
1175 2061 1334 2126 minutum
1348 2032 1602 2157 secundum'pra
1623 2066 1695 2132 uni-

329 2170 397 2224 tate
422 2177 444 2223 a
471 2176 622 2224 nutamus.

800 2266 1137 2362 rxrrrrarro.
1193 2287 1224 2340 2.

441 2382 559 2473 xQuod
579 2391 755 2456 minutum
789 2378 973 2456 secuudum
1007 2384 1047 2457 lit
1068 2412 1141 2483 pars
1173 2380 1318 2483 sexagies
1347 2379 1495 2489 sexagies
1529 2386 1688 2492 vigellius

306 2574 308 2579 Ι
334 2508 450 2586 quarta
473 2489 537 2561 diei
562 2486 747 2572 naturalis,
778 2481 852 2557 latis
883 2505 1003 2559 notum
1028 2486 1101 2583 est,
1126 2514 1203 2559 curn
1233 2485 1303 2559 dies
1330 2492 1366 2559 in
1395 2512 1439 2579 24
1470 2492 1596 2578 horas,
1627 2516 1693 2562 una

333 2592 419 2663 hora
436 2599 470 2663 iu
488 2598 531 2665 60
550 2596 679 2660 minuta
697 2594 821 2689 prima,
844 2608 877 2660 et
896 2616 1003 2661 unum
1019 2594 1187 2660 minutum
1203 2595 1354 2689 primurn
1372 2595 1406 2660 in
1422 2601 1469 2663 60
1496 2601 1623 2665 minuta
1645 2588 1693 2663 se·

333 2689 442 2763 crmda
460 2688 564 2762 dividi
583 2688 696 2761 soleat.
747 2692 849 2759 Diem
868 2709 978 2759 autem
996 2692 1053 2757 hic
1068 2683 1196 2759 affumo
1212 2687 1363 2758 medium
1380 2687 1537 2779 solarem,
1557 2721 1626 2793 quo
1644 2688 1694 2761 sol

335 2788 518 2863 secundum
551 2810 680 2885 tempus
717 2784 867 2857 medium
896 2794 984 2857 circa
1016 2806 1142 2857 terram
1174 2786 1306 2857 revolvi
1339 2784 1503 2859 censetur.
1586 2790 1695 2890 Qtod

334 2914 464 2990 tempus
483 2890 505 2962 sr
524 2885 615 2961 forte
633 2913 703 2959 nou
720 2891 908 2986 peremnia
927 2884 1035 2959 secula
1055 2884 1204 2981 ejusdem
1224 2883 1410 2960 durationis
1426 2888 1594 2983 videatur,
1628 2887 1695 2962 suf-

333 2994 406 3067 fieit
426 3002 493 3087 ejus
511 2997 729 3090 quantitatem
746 2992 902 3087 predata
921 2984 1063 3088 quadam
1080 2994 1186 3060 aetaie
1202 2984 1313 3076 nolle,
1342 3010 1374 3060 et
1393 3016 1430 3062 ea
1445 2988 1582 3089 quidem
1595 2976 1718 3082 ‚un-⁸
1743 3024 1746 3033 ¹
1826 3012 1832 3024 ·

335 3096 376 3168 de
421 3089 574 3169 mensura
632 3084 830 3163 massarum*
851 3116 890 3162 ex
924 3115 1112 3189 corporum
1156 3088 1361 3188 ponderibus
1400 3099 1539 3191 petitur.
1598 3097 1691 3185 Qua·
1748 3104 1754 3115 '

334 3225 371 3269 re
398 3196 421 3267 si
447 3219 575 3293 tempus
596 3191 778 3295 quodpiam
802 3190 913 3264 littera
936 3215 953 3265 t
976 3192 1187 3293 defignemus
1210 3248 1221 3288 ‚
1247 3192 1329 3264 haec
1353 3190 1465 3265 littera
1488 3202 1554 3267 erit
1573 3223 1693 3267 muue-

335 3326 389 3370 rus
404 3296 570 3369 absolutus
589 3294 748 3383 iudicans,
770 3313 853 3394 quot
872 3298 1001 3364 minuta
1021 3290 1164 3367 secunda
1186 3298 1221 3362 iu
1241 3312 1308 3364 tem
1335 3318 1394 3366 ore
1416 3294 1477 3366 illo
1496 3303 1692 3367 continean-

335 3424 399 3473 tur.
451 3399 507 3470 Ell
526 3421 637 3495 autem
654 3398 735 3469 hace
754 3400 918 3493 temporis
935 3392 1089 3467 mensura
1105 3321 1391 3479 commodilldna,
1418 3420 1496 3465 curu
1519 3400 1554 3467 in
1582 3404 1694 3466 omni·

336 3504 394 3573 bus
411 3504 646 3599 experimentis
662 3518 814 3595 tempora
833 3504 867 3567 iu
892 3502 1027 3567 minutis
1050 3493 1337 3593 secundisJssnotari
1360 3492 1507 3584 soleaut3
1555 3493 1696 3568 sradlio·

335 3632 393 3677 nes
411 3610 510 3674 etiam
518 3606 616 3671 nimis
634 3594 826 3699 frequentes
843 3601 910 3669 hoc
927 3594 1035 3670 modo
1052 3598 1272 3694 evitabimus,
1298 3622 1383 3699 quae
1405 3618 1649 3689 occurrerent,
1671 3597 1697 3671 st

339 3708 623 3804 majustemporis
642 3700 783 3802 lpatium
801 3726 866 3801 pro
881 3706 1008 3773 unitate
1024 3696 1275 3773 affumerernus.

778 3876 1177 3950 HYPOTHESIS.
1229 3897 1261 3961 4

445 4000 517 4089 196.
543 3998 740 4068 celeritatem
755 3986 985 4083 catamodifflme
1007 3992 1175 4057 metiemur
1193 3976 1422 4081 perspaetium,
1439 3980 1697 4085 quadrorpm'ea

339 4098 498 4169 celeritate
514 4098 717 4193 urusormirer
729 4094 845 4166 motuni
860 4088 991 4185 fingulr's
1006 4092 1140 4157 urinaria
1153 4080 1303 4179 secundis
1320 4100 1500 4182 percurret.

866 4236 1194 4312 EXPLICATIO.

443 4358 656 4433 Celeritatem
684 4355 760 4431 sane
792 4353 912 4426 elarius
946 4376 1017 4422 non
1045 4338 1334 4449 cognoscimus','
1359 4372 1459 4446 quarn
1485 4344 1517 4417 'fi
1548 4342 1698 4445 'spatium

336 4461 501 4565 assignare
516 4461 746 4547 valuerimus‚.
759 4454 852 4559 quod
870 4478 992 4553 corpus
1008 4478 1046 4523 ea
1063 4448 1233 4523 celeritate
1255 4442 1472 4549 uniiofiniter
1489 4446 1602 4543 ,latum
1625 4466 1697 4509 uno
1713 4492 1717 4497 -

1015 4554 1050 4628 K
1631 4544 1697 4614 rni-
