4092 5134
225 428 267 467 ··
342 463 407 549 aa
474 384 843 585 'caturam
907 422 1512 528 namorurunumutt

474 612 479 617 ’
838 623 1184 718 canorae
1354 604 1357 609 ’

446 734 525 817 780.
552 724 728 801 Inclinatio
745 743 855 798 autem
871 727 890 815 θ
907 722 1105 801 evanescere
1117 736 1236 831 nequit
1253 783 1262 819 ‚
1289 726 1352 805 nili
1366 727 1404 800 fit
1420 731 1689 909 ιεωβὶῇέξξτ

341 883 443 963 quare
460 858 484 935 sr
500 862 650 956 celeritas
669 864 833 971 augularis
848 868 947 939 initio
971 858 1124 964 impressa
1142 889 1158 943 t
1174 872 1286 940 minor
1306 858 1423 963 fuerit,
1438 886 1538 969 quatu
1555 912 1692 1031 W

344 1049 443 1125 turbo
466 1048 600 1125 tandem
629 1053 781 1153 procidet
804 1084 815 1149 ;
852 1050 1141 1161 quemadmodum
1163 1030 1300 1144 euenit,
1324 1052 1356 1157 ‘fi
1371 1036 1501 1154 turbini
1525 1054 1687 1130 inclinato

343 1151 452 1224 nullus
470 1146 643 1257 impressus
657 1154 760 1233 fucrit
773 1178 885 1235 motus
903 1163 1105 1263 gyratorius.
1210 1262 1213 1267 Ι
1441 1158 1447 1173 “
1624 1178 1628 1183 ·

847 1312 1095 1387 COROLL.
1144 1328 1177 1398 4.

375 1466 521 1628 ,7782
547 1456 590 1526 At
614 1452 637 1528 li
665 1455 815 1533 celeritas
837 1457 1003 1563 angularis
1027 1456 1129 1533 initio
1142 1426 1297 1559 impressa
1317 1462 1431 1553 major.
1447 1448 1567 1545 faerit,
1584 1442 1691 1559 quatu

348 1568 364 1607 Ξ
446 1572 466 1629 g
1534 1570 1538 1576 ·

346 1635 490 1750 ff,
503 1591 675 1666 inclinatio
694 1600 795 1687 ouon
814 1598 900 1671 ultra
923 1618 1055 1672 certum
1073 1595 1215 1669 limitent
1237 1600 1393 1669 imminui
1410 1599 1536 1697 poterit
1554 1650 1564 1683 ‚
1588 1618 1704 1696 quem.

339 1776 437 1848 fimttl
457 1798 555 1880 atque
569 1786 739 1883 attigerit,
766 1784 866 1859 turbo
884 1782 915 1861 se
931 1794 1053 1862 iterum
1071 1781 1111 1859 ad
1137 1780 1295 1857 initialem
1320 1764 1570 1856 inclinationem
1590 1772 1689 1861 deri·

338 1897 406 1978 get.
473 1886 517 1953 At
530 1886 668 1957 minima
683 1886 853 1959 inclinatio
871 1891 939 1978 dex
955 1894 1153 1988 aequatione
1168 1883 1340 1985 asgtasd²
1351 1933 1386 1947 -
1401 1906 1475 1957 “aa
1486 1884 1562 1985 (sti
1571 1933 1608 1948 -
1621 1884 1689 1979 fid)

340 2064 621 2167 ²0⁴⁰¹latur‚
641 2074 706 2164 stt
724 2098 761 2135 =
785 1981 1447 2247 Qssffssssssfwfgfii
1459 1983 1689 2110 4⁶4ffggl)

1186 2175 1206 2223 ὅ
1462 2216 1466 2223 ¹
1676 2160 1687 2181 .

848 2302 1096 2374 COROLL
1145 2322 1171 2393 c
1233 2164 1265 2249 g
1680 2374 1690 2429 ‹

443 2457 515 2533 783.
539 2446 650 2529 Quare
666 2443 689 2516 st
708 2444 857 2519 celeritas
874 2450 1040 2549 angulatis
1059 2457 1182 2527 tinitio
1204 2444 1358 2549 impressa
1372 2443 1473 2520 fuerit
1495 2447 1586 2550 qttasr
1610 2446 1685 2523 inst·

343 2552 428 2633 nita,
455 2547 547 2620 limes
563 2550 694 2618 minimi
716 2546 754 2618 fit
770 2553 798 2638 fi
810 2550 827 2631 θ
840 2554 920 2633 :fi
931 2549 968 2638 δ,
1001 2550 1054 2625 scu
1073 2554 1172 2627 tnrbo
1197 2572 1362 2654 perpetuo
1384 2548 1524 2623 eandem
1546 2554 1684 2631 inclina
1709 2580 1717 2611 1

344 2656 473 2723 tionem
492 2646 657 2723 servabit:
683 2649 855 2723 sinautem
870 2650 910 2723 sit
928 2652 1021 2727 valde
1037 2646 1175 2754 matina,
1194 2661 1331 2727 minima
1356 2651 1528 2723 inclinatio
1547 2659 1589 2723 ita
1607 2681 1685 2751 pro·

341 2834 429 2904 xime
444 2827 635 2930 definitur:
659 2834 724 2926 ſsd
737 2839 818 2922 :ſs
830 2835 855 2921 i
869 2885 904 2899 -
922 2755 1145 2992 [fig-{33-
1156 2874 1167 2936 3
1195 2861 1231 2916 ut
1250 2840 1288 2921 fit
1304 2837 1407 2925 oz)
1423 2887 1459 2902 ..
1478 2750 1665 2921 Q

638 2982 644 2992 .
984 2942 1019 2994 ss
1726 2952 1728 2957 '

849 3034 1172 3142 senorron.

453 3220 533 3303 784
561 3217 649 3290 Cum
667 3218 766 3291 turbo
782 3214 903 3291 tardius
920 3224 952 3289 in
967 3242 1088 3319 gyrum
1104 3216 1194 3289 adius
1209 3242 1293 3289 ntor
1315 3217 1513 3317 procumbat
1531 3275 1541 3306 ,
1569 3244 1608 3287 ea
1630 3244 1683 3292 ce.

342 3304 451 3383 leritas
478 3317 642 3415 angularis
664 3327 775 3393 notari
799 3340 976 3408 meretur,
1001 3344 1101 3419 quant
1126 3316 1149 3389 fi
1177 3319 1277 3391 turbo
1301 3316 1529 3415 superaverit,
1559 3308 1692 3392 iterum¹

1133 3415 1250 3497 ersa

340 3453 497 3550 erigatur.
548 3451 637 3531 Esset
651 3457 786 3563 quidem
804 3460 884 3530 haec
900 3454 1048 3530 celeritas
1067 3483 1106 3520 =
1126 3502 1266 3603 a-st-‚
1279 3460 1401 3557 qnippe
1416 3452 1682 3533 cniinaxtmatn·

340 3637 475 3712 clinatio
492 3653 661 3733 convenit,
680 3673 800 3748 nempe
816 3642 884 3727 9:
897 3672 920 3719 0
937 3672 947 3724 t
974 3644 1031 3721 sed
1046 3650 1122 3748 quia
1138 3645 1182 3717 ob
1207 3646 1336 3716 motem
1357 3646 1497 3718 turbinis
1520 3651 1588 3719 axis
1611 3675 1683 3722 nou

341 3740 382 3813 nd
398 3748 612 3821 horizontem
628 3776 730 3850 nsque
748 3753 898 3824 inclinari
915 3750 1046 3849 potest,
1070 3774 1107 3819 ea
1124 3773 1188 3844 pro
1214 3752 1356 3817 maxitna
1377 3748 1591 3822 inclinatione
1615 3758 1682 3822 erit

340 3845 543 3948 reputanda,
574 3852 627 3925 ubi
650 3854 748 3923 turbo
772 3853 862 3955 quast
887 3879 1032 3951 corpore
1057 3846 1116 3921 suo
1139 3852 1356 3920 horizontem
1382 3854 1535 3949 attingit3
1556 3853 1683 3951 quaest

338 3972 477 4028 vocetur
493 3961 554 4024 =i
568 4012 579 4052 ‚
606 3981 648 4026 ne
671 3955 771 4029 turbo
793 3981 941 4055 cousque
966 3954 1145 4027 inclinetur
1171 4006 1180 4033 ,
1219 3950 1368 4023 celeritas
1392 3950 1556 4051 angularis
1578 3960 1681 4029 initio
1726 4018 1728 4043 ,

1017 4049 1090 4129 aros
1093 4059 1102 4107 ι’
1111 4050 1206 4129 rsg
1568 4052 1573 4059 '

978 4162 1239 4250 artai-lii)

332 4284 500 4369 manserit,
518 4282 616 4353 turbo
636 4308 652 4350 a
671 4279 758 4381 lapsu
777 4291 840 4373 erit
859 4288 1025 4352 immnn'e.
1083 4282 1242 4377 Haecque
1260 4278 1304 4348 eil
1322 4274 1433 4367 causa,
1452 4276 1544 4381 quod
1561 4285 1677 4367 turbu,

331 4418 406 4463 tum
425 4382 805 4483 obstit'lionemaliaqne
822 4382 985 4455 ubilacula
1000 4392 1068 4476 'ejus
1082 4404 1190 4450 motus
1207 4376 1322 4450 seusun
1339 4386 1576 4469 imminuatur,
1602 4404 1677 4458 tani

331 4494 407 4569 dem
425 4489 626 4597 prolabatur.
683 4492 845 4562 Ceterum
859 4511 936 4557 cum
958 4488 1012 4557 hic
1037 4481 1077 4551 ad
1106 4478 1268 4576 ejusmodi
1293 4482 1456 4557 obllacula
1474 4514 1543 4559 non
1562 4484 1677 4586 respe.

960 4618 963 4625 ·
1550 4612 1676 4680 nertin,

1249 4106 1312 4175 ,et
1334 4087 1492 4188 quamdiu
1509 4117 1545 4162 ea
1567 4105 1682 4191 major

334 4076 488 4199 irnp'rcffa
505 4120 520 4167 t
536 4097 643 4186 major
657 4086 723 4167 eisc
738 4091 846 4184 debet,
864 4120 964 4197 quam
