4092 5134
334 422 341 443 ·
446 436 523 561 nn
552 434 958 557 rurorrouuru
990 368 1258 567 urrunnu:
1442 448 1518 553 45'5
1607 504 1636 547 ,.
1737 408 1771 507 f
1859 376 1862 391 ¹

164 622 369 701 serrandum
394 684 403 713 ‚
443 624 504 697 nist
528 652 610 725 opus
634 625 736 699 fuerit
759 633 791 697 vi
818 632 936 719 majori
954 654 1055 725 quam
1072 618 1127 698 δι’.
1186 629 1288 701 Unde
1311 628 1335 699 [ι
1357 654 1514 730 corpora

137 822 140 827 Ι
164 728 260 801 nullo
274 735 307 800 vi
322 726 519 801 sollicitetur
537 727 724 821 admotum
740 784 752 813 ,
778 733 878 801 etiam
893 725 1006 799 srirtio
1023 728 1232 803 nuliumvim
1248 749 1390 803 exercet.

677 850 925 967 conorr.
976 919 1005 981 ς.

157 1092 177 1125 ,-
267 1040 342 1119 978·
356 1024 536 1112 'Quamdiu
559 1049 642 1124 ergo
672 1048 819 1100 motura
846 1035 903 1117 vi,
930 1052 1013 1127 quae
1032 1056 1102 1099 uon
1125 1026 1255 1124 superet
1272 1020 1329 1113 δΡ,
1352 1022 1506 1125 impediri

134 1148 140 1161 ·
164 1126 301 1225 potest,
322 1152 401 1203 earn
418 1134 486 1198 vim
501 1126 613 1196 triuio
632 1124 831 1225 i'uppedftat,
859 1126 1046 1229 etquidem
1064 1128 1244 1200 secundum
1265 1155 1337 1197 earu
1353 1126 1510 1199 diredlio-

120 1316 125 1327 1
166 1250 275 1313 nem,
305 1253 368 1326 qua
386 1255 469 1323 opus
484 1226 528 1299 est
545 1224 585 1295 ad
608 1247 736 1299 motum
763 1228 1028 1328 impediendum.
1081 1236 1136 1301 Siu
1161 1251 1272 1299 autem
1288 1235 1410 1326 quietis
1430 1254 1511 1299 cou-

164 1320 314 1399 servatio
329 1336 493 1422 majorem
509 1327 649 1424 poilulet
664 1334 732 1401 vim
748 1389 758 1421 ,
790 1332 957 1432 quoniam
973 1326 1086 1403 srir‘iio
1101 1351 1239 1431 ¹tautum
1262 1332 1429 1430 praestare
1452 1354 1515 1421 ue·⁴

167 1432 266 1539 quit,
292 1448 405 1501 motus
429 1426 652 1531 generabitur.

203 1646 205 1651 .
639 1586 951 1659 SCHOLION.
1004 1582 1037 1659 1·'

201 1764 203 1771 Ι
268 1702 345 1769 979.
374 1686 462 1753 Cum
475 1678 567 1779 supra
582 1682 773 1769 dixerimus,
788 1690 944 1783 inquiete
961 1684 1282 1782 corporum'nuliam
1296 1683 1366 1757 dari
1379 1682 1511 1757 frittioss

167 1802 247 1849 nem
266 1836 276 1867 ,
307 1780 340 1851 id
357 1780 398 1853 de
417 1811 496 1855 vera
512 1793 623 1881 quiete
638 1805 789 1870 tantum,
817 1790 929 1883 inqua
952 1778 1073 1867 corvus
1100 1784 1180 1858 effer
1203 1784 1506 1884 perseveraturum,

168 1879 295 1954 etiarnii
317 1882 408 1953 nulla
429 1880 550 1955 adeffet
571 1884 710 1972 [[ἰέὶἰο,
749 1884 793 1955 est
816 1885 1081 1984 intelligendum.
1146 1893 1265 1959 Statim
1291 1897 1380 1965 enim
1410 1907 1509 1987 atque

120 2030 124 2067 ,-
168 1984 322 2081 corpure
337 1986 460 2055 viribus
481 1982 669 2057 sollicitatur
687 2044 696 2073 ,
725 1986 843 2083 quibus
860 1985 1048 2057 admotum
1066 1994 1288 2075 incitaretur,
1313 1988 1442 2062 finuila
1459 1982 1509 2059 es-

120 2074 126 2218 ἰ
169 2080 368 2175 [οι-[[ἱᾶἰο,
406 2088 483 2155 huic
507 2093 603 2157 eriam
625 2076 734 2167 motus
757 2084 972 2183 produciioni
1002 2086 1114 2159 fridiio
1138 2090 1342 2189 reludiatur‚
1384 2086 1512 2162 etiamst

120 2220 134 2337 'r
168 2210 290 2285 corpus
306 2180 414 2257 adhuc
429 2186 466 2256 su
484 2191 517 2255 in
535 2196 655 2287 quiete.
705 2190 751 2255 Ita
770 2192 868 2285 igitur
888 2186 1002 2260 fridio
1029 2207 1093 2260 tam
1120 2198 1250 2261 ratione
1275 2215 1388 2263 motus
1408 2216 1512 2290 quam

167 2292 288 2397 quietis
302 2286 347 2359 est
370 2284 586 2377 definienda,
612 2308 646 2357 ut
662 2285 742 2357 dum
765 2314 885 2384 corpus
907 2308 1088 2372 movetur,
1116 2297 1185 2359 vim
1210 2315 1321 2363 exerat
1345 2310 1512 2389 perpetuo

166 2392 225 2495 ipsi
241 2392 287 2481 JP
305 2388 475 2487 aequalem
491 2411 522 2459 et
538 2385 718 2461 secumium
736 2386 956 2460 diret‘iionem
978 2392 1086 2458 motui
1106 2397 1332 2467 contrariam:
1359 2390 1440 2462 dum
1455 2418 1513 2463 au·

167 2516 239 2571 tem
267 2516 389 2589 corpus
414 2487 579 2589 quiescit,
608 2490 729 2560 eadem¹
748 2494 815 2558 vim
842 2518 910 2560 non
935 2516 995 2587 per
1022 2484 1052 2559 se
1077 2486 1275 2587 definitam,
1303 2490 1357 2563 sed
1383 2510 1511 2563 tantam

124 2594 327 2671 ..duntaxat
352 2612 532 2676 exerceat,
572 2613 691 2688 quantu
715 2598 822 2661 motui
846 2588 1061 2687 impediendo
1086 2587 1235 2677 suflicit,
1271 2592 1330 2662 nisr
1358 2588 1445 2663 forte
1470 2590 1513 2663 ad

167 2702 239 2773 hoc
254 2698 373 2781 maiori
401 2698 432 2761 vi
459 2718 540 2788 opus
562 2690 600 2760 fit
623 2718 721 2791 quam
736 2691 805 2778 JP:
831 2710 898 2761 tum
922 2698 1012 2762 euim
1036 2694 1098 2762 hac
1121 2712 1249 2765 tautum
1273 2700 1304 2763 vi
1328 2692 1377 2779 δι),
1398 2711 1512 2765 motur
1594 2694 1599 2703 '

157 2794 384 2903 ssprodudiioni
403 2790 543 2878 resistit,
568 2802 745 2891 qine'cum
766 2813 895 2863 motum
912 2819 1070 2865 coercere
1088 2820 1157 2864 uon
1171 2794 1301 2881 valeat,
1327 2786 1436 2867 motus
1459 2821 1512 2865 re-

120 2924 142 2983 f
166 2922 253 2975 vera
266 2895 487 2997 generabitur.
540 2896 597 2963 Vis
613 2893 732 2965 scilicet
750 2886 793 2971 d)
817 2896 860 2967 est
878 2902 1038 2964 maximus
1054 2917 1211 2983 conatur,
1237 2922 1306 2995 quo
1322 2892 1436 2969 sriciio
1456 2924 1513 2967 an·

166 3008 232 3079 niti
248 2996 381 3101 potest,
407 3022 474 3095 quo
497 3019 612 3066 revera
636 2993 765 3094 semper
783 2996 840 3094 ipfi
859 3002 964 3067 motui
988 2994 1113 3084 resistit,
1135 3018 1168 3069 et
1190 3023 1259 3097 quo
1280 3004 1380 3068 etiam
1400 3017 1510 3071 mutus

134 3120 137 3125 '
160 3096 594 3207 generationi·reludunt,
616 3094 737 3193 fiopus
757 3097 810 3171 eii.
859 3102 918 3168 Sin
934 3117 1043 3169 autem
1060 3108 1173 3169 minor
1198 3103 1245 3169 vis
1273 3094 1430 3188 sufficiat,
1456 3121 1507 3171 et-

164 3214 233 3279 iarn
250 3205 417 3273 minorem
438 3216 565 3268 tautum
589 3206 720 3269 exerit:
751 3196 803 3271 seu
826 3206 954 3298 quoties
979 3205 1027 3269 vis
1051 3196 1091 3269 ad
1116 3219 1227 3269 motus
1249 3197 1509 3295 produdiiouem

166 3302 388 3381 cohibendam
405 3293 581 3369 nereffnriu
597 3326 666 3369 non
681 3296 780 3371 suerit
797 3306 903 3392 major
919 3326 1017 3399 quam
1035 3298 1091 3385 δΡ,
1108 3327 1144 3371 ea
1161 3306 1239 3370 visa
1256 3295 1415 3373 fritiione
1432 3298 1505 3399 sup·

165 3406 340 3511 peditatur.
393 3403 486 3471 Haec
503 3422 610 3471 autem
633 3421 761 3471 tuntum
784 3398 825 3471 de
849 3422 944 3471 motu
969 3400 1176 3499 progressivo
1196 3396 1269 3471 suut
1294 3402 1456 3491 tenenda,
1483 3400 1509 3473 [ι

120 3576 148 3583 ..
168 3496 262 3583 enim
276 3523 388 3576 motus
403 3508 591 3601 gyratorius
612 3500 770 3589 accedat,
802 3508 974 3600 praecipue
998 3500 1020 3571 [ι
1045 3512 1111 3572 axis
1133 3509 1317 3605 gyrationis
1340 3500 1442 3581 fuerit
1466 3502 1509 3575 ad

166 3606 377 3711 superficiem
395 3603 579 3689 inclinatus,
601 3630 652 3674 res
673 3606 715 3675 etl
742 3605 866 3675 aitioris
884 3602 1069 3701 indaginis,
1096 3623 1128 3672 et
1148 3610 1225 3703 quia
1249 3605 1315 3673 hoc
1340 3602 1414 3675 casu
1438 3632 1509 3675 non

138 3788 142 3797 ¹
165 3718 281 3799 ornum
298 3704 376 3777 bufo
394 3706 556 3775 elementa
569 3700 752 3783 secundum
770 3702 911 3776 eandem
926 3702 1147 3775 dirediiouem
1161 3723 1363 3799 moventur,
1396 3702 1509 3802 super·

120 3798 128 3807 “
165 3814 349 3907 ficiemque
374 3825 508 3885 terunt,
536 3801 648 3875 triuio
670 3806 877 3903 lingularum
904 3804 1150 3877 elementorum
1173 3802 1375 3875 considerari
1399 3806 1507 3893 debet,

165 3928 208 3991 ‘ex
222 3938 294 4013 quo
310 3912 409 3979 etiam
426 3906 502 3977 baiis
523 3906 628 4001 figura
646 3927 678 3977 et
694 3905 889 4007 magnitudo
904 3914 938 3976 in
955 3929 1152 4003 computum
1173 3900 1401 4007 ingredietur(
1456 3914 1511 3977 rit·

163 4044 230 4119 que
247 4010 287 4083 ad
305 4014 388 4081 hanc
402 4002 675 4079 eircumiiuniam
687 4007 791 4104 supra,
804 4008 859 4080 ubi
875 4006 952 4081 basrs
968 4006 1111 4107 figuram
1124 4034 1143 4077 a
1157 4006 1435 4083 determinatione
1447 4006 1510 4099 fri·⁴

134 4162 136 4167 ·
165 4122 288 4193 (rionis
308 4115 531 4207 removimus,
554 4135 623 4179 uon
639 4105 852 4209 respeximm·
897 4188 900 4193 ,

645 4266 958 4345 SCHOLION.
1010 4285 1042 4338 2.

194 4444 196 4449 ,
260 4383 344 4463 980.
371 4361 516 4439 Difficile
535 4360 670 4435 sanccii
690 4363 879 4453 fridiionis,
899 4360 1188 4465 ¹quemadmodum
1202 4368 1257 4433 iric
1274 4386 1346 4431 eam
1371 4363 1503 4457 experi-

168 4463 547 4576 entiae'cousentanearn
562 4468 758 4567 statuimus,
785 4467 915 4577 cardam
935 4462 1117 4573 assignare,
1142 4464 1387 4567 faeiieautenrt
1448 4458 1464 4486 ‘

120 2368 123 2385 i

120 2400 124 2411 Ι
138 2396 142 2409 k
