4092 5134
506 444 642 527 iao.
743 422 1028 516 curuata.
1084 419 1163 507 na
1187 350 1693 505 aaaruuunuoua'

1018 610 1309 695 COROLL
1360 625 1411 693 2„

638 814 716 891 405.
743 788 836 891 Quia
864 782 1029 884 quaelibet
1056 788 1105 855 vis
1132 780 1341 875 elementaris
1364 726 1458 895 «ἷξε
1486 772 1532 847 est
1556 770 1597 843 ad
1625 740 1819 845 distantiam.
1843 762 1885 835 ab

538 958 596 1005 axe
612 924 802 1005 rnorrualis
820 929 852 994 iu
871 920 971 1025 plano
987 914 1026 988 ad
1043 942 1138 989 axem
1160 913 1318 1009 normata,
1335 923 1404 1009 ejus
1420 933 1633 1015 momentum
1648 907 1799 1008 respedlu
1814 908 1885 977 artie

716 1024 821 1081 rrdnt

542 1083 586 1171 esl
629 1112 668 1149 =
704 1109 852 1191 Τ,
879 1070 1022 1171 ideoque
1039 1064 1166 1143 suanum
1184 1074 1339 1161 omnium
1353 1086 1608 1147 momentorum
1622 1032 1867 1178 ,τ-ἐ-[ιζνᾶΜ.

1028 1258 1320 1333 conara.
1364 1278 1425 1355 13.-

658 1418 734 1503 406.
764 1416 797 1484 Si
824 1434 946 1509 corpur
967 1424 1099 1511 praeter
1121 1410 1180 1480 has
1201 1411 1290 1478 vires
1312 1384 1530 1476 elementares
1555 1406 1595 1477 ab
1619 1402 1690 1475 aliia
1710 1416 1890 1503 urgeretur

537 1506 578 1591 in
597 1512 726 1589 sensum
744 1516 951 1585 contrarium
970 1567 980 1597 ,
1007 1533 1148 1609 quarum
1165 1523 1378 1581 momentum
1401 1500 1553 1605 respedlu
1577 1513 1644 1578 axis
1661 1502 1786 1575 ibidem
1807 1496 1890 1575 ell'et

542 1702 583 1741 .·-·.
612 1636 820 1783 -ἑ-ΙννᾹΜ,
847 1662 887 1733 ab
903 1664 953 1735 hie
967 1658 1100 1731 illarum
1123 1656 1261 1735 effecius
1275 1654 1528 1747 destrueretur,
1560 1674 1740 1757 motusque
1763 1650 1892 1727 nullam

544 1812 710 1905 reciperet
733 1800 1020 1875 accelerationem.
1132 1828 1135 1833 ¹

1055 1970 1379 2042 scuottou,
1463 2032 1473 2055 ,

646 2116 725 2183 407.
754 2095 805 2165 De
823 2092 874 2163 his
899 2091 1050 2179 viribus,
1068 2116 1155 2191 quae
1177 2096 1378 2165 elementem
1399 2092 1514 2193 uoco',
1537 2096 1698 2195 quoniam
1720 2094 1756 2161 in
1779 2084 1893 2191 liugn·

546 2200 586 2270 lis
603 2196 774 2269 elementis
793 2200 1011 2265 mutationem
1026 2192 1123 2263 llatue
1144 2250 1156 2279 ,
1188 2218 1289 2293 quam
1312 2190 1476 2283 subeunt,
1507 2193 1721 2295 producunt,
1738 2186 1783 2263 id
1796 2216 1894 2291 prae·

547 2298 661 2374 sertim
679 2290 921 2367 observandum
940 2294 985 2368 ell
1000 2351 1011 2381 ,
1027 2324 1030 2331 ·
1047 2290 1140 2395 quod
1165 2294 1205 2365 ab
1224 2300 1262 2367 iia
1284 2302 1351 2367 axis
1373 2296 1500 2369 nullum
1527 2306 1596 2369 vim
1618 2300 1786 2395 patiatur3
1814 2316 1893 2393 pro·

547 2419 659 2499 pterea
673 2395 763 2499 quod
783 2399 822 2469 ab
849 2402 887 2469 iia
911 2394 1038 2499 srugarla
1061 2396 1225 2469 elementa
1240 2394 1398 2494 perinde,
1417 2426 1454 2471 ac
1477 2398 1541 2472 sta
1563 2395 1767 2471 seinvicem
1790 2390 1895 2469 ellent

550 2495 715 2585 dilloluta,
733 2496 934 2578 afficiuntur.
992 2490 1191 2597 Quanquam
1206 2518 1319 2569 autem
1335 2498 1527 2595 hujusmodi
1543 2506 1629 2573 vires
1642 2504 1698 2569 uix
1716 2503 1752 2569 in
1766 2494 1895 2571 mundo

492 2652 496 2667 ι
549 2602 708 2685 exilluut,
739 2620 849 2672 tamen
864 2598 903 2669 ab
921 2604 959 2670 iis
975 2594 1220 2671 exordiendum
1240 2616 1329 2685 erat,
1345 2620 1383 2671 ut
1399 2600 1538 2672 aliarum
1553 2626 1830 2701 qauranncunque
1844 2604 1893 2671 vi·

548 2710 638 2775 rium
659 2696 795 2773 effedlua
816 2706 850 2771 in
874 2718 969 2772 motu
991 2704 1167 2800 gyrator'o
1193 2698 1421 2799 perturbando
1443 2700 1585 2773 definire
1607 2696 1786 2801 possemne.
1861 2698 1893 2771 Si
1933 2708 1935 2721 '

549 2812 639 2877 enim
658 2804 738 2873 aliae
756 2810 842 2873 vires
859 2859 869 2886 ‚
896 2726 1280 2901 quaecuuquedterint,
1307 2798 1457 2901 respedlu
1474 2811 1541 2875 auis
1556 2808 1740 2903 pyratiouis
1756 2800 1891 2903 aequale

548 2924 757 2978 momentum
777 2904 941 2986 habeant,
968 2928 1026 2973 eae
1048 2909 1146 2973 etiam
1168 2901 1308 2973 eandem
1330 2924 1443 2975 anetus
1468 2898 1745 2977 accelerationem
1769 2898 1890 3001 produ-

549 3034 625 3078 cere
644 3003 784 3092 debent3
805 3000 1001 3099 quoniamli
1017 3008 1189 3073 contrario
1207 2998 1425 3076 modoell'ent
1443 3006 1633 3105 applicatae,
1654 3032 1730 3077 cum
1747 3004 1890 3081 eletneu·

549 3113 673 3179 taribus
691 3110 725 3173 in
742 3102 940 3201 aequilibrio
956 3100 1082 3174 forent.
1132 3106 1225 3175 Haec
1239 3126 1350 3199 autem
1366 3116 1602 3183 convenientia
1620 3127 1748 3179 tautum
1764 3104 1808 3179 de
1823 3130 1890 3177 ruo·

552 3228 602 3281 tua
623 3212 807 3277 mutatione
824 3204 866 3276 ell
887 3199 1130 3305 intelligenda:
1157 3231 1234 3275 natu
1256 3205 1358 3309 longe
1379 3208 1474 3283 aliter
1500 3238 1552 3282 res
1567 3206 1606 3301 ¹se
1629 3210 1788 3305 habebit,
1820 3232 1891 3280 cum

552 3318 651 3397 vires,
670 3334 749 3407 quas
767 3314 833 3378 axis
852 3312 1037 3407 gyratiouis
1052 3302 1203 3393 sullinet,
1231 3304 1448 3382 determinari
1467 3306 1642 3383 debebunt.
1703 3315 1836 3381 Verum
1852 3323 1890 3383 et·

550 3418 618 3485 iam
650 3412 731 3481 haec
759 3406 997 3481 determinatio
1030 3434 1095 3507 ope
1121 3413 1242 3478 virium
1275 3410 1529 3485 elementarium
1567 3408 1663 3485 facile
1692 3408 1892 3511 expedietur,

551 3506 836 3614 quemadmodum
856 3518 922 3605 jam
937 3517 971 3581 in
987 3516 1093 3613 capite
1108 3508 1329 3609 praecedente
1346 3512 1393 3587 cll
1408 3510 1585 3588 ostensum.
1862 3534 1867 3539 '

994 3699 1344 3773 PROBLEMA.
1394 3722 1443 3775 aa.

654 3834 733 3909 408.
759 3823 793 3891 Si
816 3814 1134 3921 eorpua'rigidum,
1163 3816 1244 3891 dum
1268 3828 1355 3894 eirca
1373 3846 1469 3909 axern
1490 3820 1594 3892 finiam
1618 3831 1780 3915 gyratur,
1810 3812 1893 3889 solli·

553 3932 672 3993 citetur
691 3947 706 3988 a
729 3920 853 3991 uiribus
876 3923 1142 4021 quibuscunque,
1168 3918 1311 3999 definire
1336 3928 1559 3999 mutationem
1568 3922 1851 4018 :niortrentaueam
1867 3923 1895 3989 iu

556 4043 651 4093 motu
670 4028 843 4122 gyratorio
861 4026 900 4093 ab
919 4032 965 4121 iis
988 4020 1199 4125 produdlam.
1274 4114 1277 4119 Δ

1056 4178 1405 4267 autunto,

655 4320 704 4390 Sit
726 4328 761 4386 ut
781 4312 947 4407 hedenus}
964 4342 986 4393 a
1004 4314 1155 4385 celeritas
1178 4313 1343 4483 anqularis
1368 4370 1379 4399 ,
1420 4339 1485 4413 qua
1509 4336 1631 4411 corpus
1654 4318 1719 4405 jam
1741 4332 1897 4413 gyratur3

554 4445 628 4498 tum
645 4437 846 4523 quaerantur
866 4410 1069 4516 singularum
1085 4418 1208 4485 uirium
1240 4411 1476 4489 ollicitantium
1494 4430 1694 4501 momenta,
1722 4440 1809 4514 quae
1834 4414 1897 4487 col-

1822 4516 1898 4591 let‘la
