4092 5134
984 281 1408 447 enarratio.

494 561 714 673 .dundent;
741 587 842 649 cum
859 578 1000 648 motus
1019 559 1142 649 lunae
1159 562 1417 661 libratorius.
1444 559 1666 681 praecelllo
1686 563 1885 676 aequino-

403 708 407 723 '
479 792 485 801 .
508 712 706 823 (Horum,
736 714 782 805 dr
796 713 958 798 notatio
975 738 1110 799 axeos
1127 733 1263 800 terrae
1276 712 1516 830 principalia
1532 712 1608 801 fint
1625 711 1747 824 hujus
1763 711 1889 830 Cupi·

506 866 565 1009 Εἰς
591 832 791 976 objecta·
838 860 1012 977 Excipit
1027 861 1141 985 banc
1169 860 1459 951 nudationem
1481 862 1641 981 plenior
1663 852 1891 979 eliplicatio

507 1030 649 1099 motus
663 1011 876 1097 turbinum
886 1008 1003 1127 super
1017 1007 1415 1135 planohorizontali,
1432 1009 1587 1097 semota
1603 1007 1803 1098 fridione.
1832 1009 1893 1101 Et

507 1186 607 1265 cum
622 1154 739 1273 supra
754 1178 919 1245 tantum
931 1156 1140 1272 ejusmodi
1154 1159 1338 1251 turbines
1353 1158 1429 1245 fint
1443 1157 1685 1246 considerati
1694 1218 1711 1269 ,-
1735 1160 1779 1245 in
1795 1162 1890 1276 qui·

506 1306 588 1395 bus
614 1310 759 1394 omnia
782 1336 1000 1395 momenta
1029 1310 1203 1395 inertiae
1224 1309 1331 1393 inter
1352 1305 1392 1395 se
1409 1306 1499 1395 sunt
1519 1304 1730 1424 aequalia,
1778 1336 1890 1426 quae

507 1452 693 1543 conditio
707 1459 884 1545 nimium
900 1476 993 1543 erat
1006 1454 1202 1566 limitata,
1235 1483 1347 1541 nunc
1364 1476 1507 1543 motus
1527 1456 1740 1543 turbinum
1756 1460 1800 1543 in
1815 1486 1889 1573 ge-

422 1600 425 1605 ’
505 1632 605 1691 nere
625 1604 892 1721 exploratur,
934 1598 1074 1722 politis
1096 1625 1262 1692 tanturn
1282 1596 1445 1691 duobus
1465 1606 1689 1693 momentis
1712 1604 1888 1695 inertiae

352 1746 356 1761 ’
502 1754 799 1871 principalibus
812 1758 921 1841 inter
936 1751 976 1841 le
992 1751 1258 1869 aequalibus,
1283 1779 1393 1866 quae
1410 1749 1594 1838 conditio
1619 1778 1719 1849 cum
1742 1732 1886 1845 indole

350 1916 354 1929 '
502 1902 717 1997 turbinum
731 1898 954 1989 necellario
974 1898 1197 2015 conjundla
1211 1896 1388 1988 videtur.
1445 1898 1558 1989 Cum
1573 1900 1697 1989 turbo
1719 1902 1769 1989 fit
1787 1890 1913 1993 cors

503 2078 585 2169 pus
601 2048 765 2169 cuspide
785 2050 902 2166 litper
921 2048 1048 2167 plano
1070 2049 1320 2138 horizontali
1341 2049 1559 2163 incedens,
1596 2053 1655 2137 ita
1677 2068 1726 2137 ut
1747 2048 1887 2168 cuspin

503 2198 552 2287 lit
566 2200 681 2316 quast
692 2201 796 2290 bafis
809 2201 933 2319 ipsius
947 2199 1167 2312 censenda,
1195 2201 1290 2288 hine
1305 2200 1359 2290 ad
1376 2200 1456 2289 alia
1478 2225 1704 2315 corporum
1724 2225 1883 2313 genera

439 2366 447 2373 ·
505 2342 671 2449 ducitur
704 2378 813 2443 can.
834 2374 1067 2462 aucto-R,
1105 2377 1215 2466 quae
1236 2348 1320 2439 bali
1342 2376 1593 2474 quacunque
1612 2328 1731 2464 super
1754 2346 1884 2464 plano

503 2493 710 2597 incedam
773 2497 939 2589 Nimius
954 2520 1097 2587 autem
1110 2500 1329 2613 ambages,
1359 2528 1469 2617 quae
1489 2502 1532 2585 in
1554 2494 1739 2585 calculos
1759 2501 1883 2607 inex·

503 2644 712 2737 tricabiles
726 2650 1017 2766 perducerent,
1031 2649 1275 2758 evitaturus,
1293 2650 1377 2737 duo
1392 2668 1556 2736 tantum
1571 2624 1798 2760 corporum
1811 2676 1884 2765 ge·

503 2822 619 2904 nera,
634 2796 860 2910 cylindrica
874 2798 1022 2885 scilicet
1036 2825 1086 2881 ac
1101 2792 1308 2909 sphaerica
1322 2796 1573 2917 potiffimum
1586 2794 1755 2909 evolvit,
1774 2827 1880 2915 quo-

502 2966 601 3037 tum
615 2946 813 3033 mmirum
825 2946 959 3060 figam
977 2961 1173 3051 externa,
1202 2970 1285 3058 qua
1301 2945 1426 3060 plano
1443 2942 1715 3062 applicantur,
1743 2948 1792 3035 fit
1809 2934 1878 3041 vel

503 3086 729 3203 cylindrica
744 3093 812 3184 vel
834 3091 1063 3208 sphaerica,
1097 3092 1478 3211 quomodocunque
1500 3094 1676 3183 materia
1696 3095 1879 3183 intrinse-

394 3291 398 3297 ·
503 3266 578 3351 eus
594 3237 719 3327 fuerit
733 3239 956 3330 distributa.
1012 3239 1084 3329 Ad
1099 3250 1230 3354 genus
1247 3245 1387 3358 itaque
1405 3240 1676 3354 cylindricum
1690 3234 1878 3331 referunss

502 3404 572 3481 tur
587 3416 638 3475 ea
653 3386 855 3505 pendula,
895 3416 1004 3502 quae
1021 3419 1106 3476 non
1126 3391 1181 3476 ab
1202 3368 1286 3477 axe
1309 3388 1453 3477 lineari
1473 3372 1561 3479 lunt
1578 3387 1777 3509 impensa,
1806 3391 1876 3485 sed

500 3535 680 3627 nocuus
704 3536 941 3657 cylindricis
972 3541 1166 3654 utrinque
1188 3534 1315 3651 plano
1344 3526 1592 3625 horizontali
1614 3528 1875 3630 incumbunt

499 3684 602 3781 Huc
616 3716 785 3804 qnoque
794 3686 994 3793 refertur,
1022 3681 1183 3770 acideo
1207 3684 1327 3775 limul
1346 3687 1612 3803 investigatur
1638 3706 1781 3781 motus
1798 3718 1875 3779 va·

500 3835 739 3948 cillatorius,
755 3836 889 3923 motui
897 3862 1100 3923 cunarum
1114 3837 1329 3951 reciproco
1338 3834 1488 3924 fimilis.
1526 3834 1598 3923 Ad
1611 3860 1742 3950 genus
1750 3864 1874 3952 prae-

497 4001 614 4071 terea
629 3982 886 4101 sphaericum
900 3985 1106 4098 pertinent
1121 3985 1320 4091 turbines,
1349 4012 1531 4100 quorum
1546 4012 1652 4071 axes
1666 3982 1873 4087 infranon

307 4090 312 4108 ⁸
375 4193 380 4201 .
495 4129 852 4249 inculpidem,sed
867 4132 981 4247 quali
994 4129 1620 4248 mhaenusphaedumdesmmt
1648 4132 1720 4225 Ab
1734 4138 1872 4235 omni

495 4280 575 4372 bus
589 4282 797 4399 ejusmodi
808 4283 1012 4393 motibus,
1047 4286 1198 4398 quibus¹
1223 4311 1377 4400 corpus
1399 4287 1444 4374 in
1460 4280 1674 4403 superficie
1694 4281 1868 4399 alteriue

1702 4432 1870 4543 incedit,
