4092 5134
523 282 540 317 s

343 396 388 479 ῃ
487 444 537 473 .,
683 361 1054 467 ,νοΑΡυΤ
1109 360 1163 451 n

343 555 423 632 denr
442 553 534 658 spatii
555 539 892 657 loco'persevetent,
931 588 950 633 a
993 586 1040 633 no
1061 557 1149 658 cum}
1164 564 1275 632 omnis
1298 552 1692 633 consideratio'aliorum

343 682 529 759 corporum
540 656 581 730 lit
599 676 747 747 remota,
777 658 816 731 ad
841 656 951 761 ipsum
969 586 1331 760 lpatinrn'absolutum
1353 665 1574 757 perveniunt,
1599 666 1692 757 cuiue

343 757 497 861 respectu
521 786 605 860 quae
628 785 772 858 corpora
794 760 849 835 vel
868 769 1069 864 quiescunt,
1099 762 1155 837 vel
1180 758 1378 854 moventur,
1410 788 1448 836 ea
1470 759 1693 863 absolutevel

343 858 583 967 quiescerevel
598 867 732 947 moveri
746 858 901 938 dicimua
982 906 984 913 ·
1618 902 1622 909 r

858 1017 1183 1094 Scttottou.

456 1178 503 1249 81.
533 1164 601 1258 Qui
619 1160 762 1264 spatium
780 1158 968 1241 absolutum
983 1193 1107 1269 negare
1122 1166 1291 1261 voluerit,
1313 1172 1348 1237 in
1364 1164 1551 1265 graviffirna
1564 1171 1694 1239 incom-

343 1263 450 1340 modo
474 1262 648 1341 delabitur.
700 1270 789 1340 Cum
811 1274 902 1341 enirn
924 1288 1058 1342 moturn
1082 1288 1116 1341 et
1148 1274 1297 1370 quietern
1335 1263 1518 1340 absolutam
1539 1287 1695 1368 tanquam

343 1395 448 1443 vanos
466 1368 533 1441 stne
548 1389 661 1439 mente
677 1363 778 1441 sonos
792 1376 932 1465 rejicere
949 1368 1089 1457 debeat,
1113 1397 1186 1442 non
1211 1365 1320 1441 solum
1344 1370 1433 1470 leges
1457 1389 1591 1456 motus,
1634 1392 1696 1439 uae

313 1492 319 1505 ‘
345 1474 426 1544 huic
448 1473 615 1571 principio
642 1474 852 1560 innituntur,
887 1480 1029 1569 rejicere
1053 1472 1172 1566 debet,
1193 1465 1250 1543 sed
1274 1474 1376 1541 etiarn
1396 1497 1438 1541 ne
1460 1470 1541 1545 ullas
1559 1396 1697 1570 quidem

348 1590 461 1647 motus
470 1566 1298 1673 legesdariaffinnarecogitur.Na1nquefieaquae
1307 1596 1369 1643 nos
1378 1574 1444 1641 huc
1453 1568 1606 1673 perduxit
1636 1594 1717 1663 uae·¹

349 1673 423 1761 stio,
431 1682 511 1774 quid
523 1680 558 1744 in
570 1693 692 1773 corpore
701 1699 825 1775 atnexu
834 1678 1029 1777 reliqueram
1037 1680 1069 1756 le
1089 1696 1180 1749 arato
1192 1678 1232 1758 fit
1247 1682 1455 1747 eventurum?
1480 1700 1540 1775 per
1547 1667 1580 1748 se
1587 1599 1636 1745 esl
1643 1672 1700 1746 ab*

348 1771 465 1861 surda,
495 1779 595 1845 etiarn
609 1797 665 1861 ea,
688 1800 772 1873 quae
788 1774 829 1845 ab
845 1774 915 1847 aliis
930 1783 966 1848 in
981 1803 1023 1848 eo
1036 1698 1124 1849 esici
1134 1769 1283 1874 possent,
1311 1799 1373 1873 per
1399 1769 1432 1845 se
1457 1782 1581 1849 incerta
1597 1793 1631 1848 et
1647 1778 1698 1849 iu·

351 1871 617 1949 determinabilia
635 1892 745 1962 erunt,
771 1873 882 1975 sicque
898 1883 1012 1950 omnia
1034 1884 1162 1950 temere
1183 1902 1221 1948 ac
1241 1871 1310 1947 tine
1332 1872 1400 1946 nlla
1417 1884 1546 1951 ratione
1562 1882 1700 1957 evenire.

354 1974 459 2055 essent
473 1971 663 2061 statuenda,
687 1974 753 2047 Vel
767 1974 792 2048 fi
807 1979 891 2050 haec
907 1972 1057 2081 effugere
1072 1976 1166 2065 velit,
1191 1994 1323 2051 rnotunr
1344 2003 1484 2051 ornnem
1504 1974 1633 2081 negare
1642 1974 1700 2051 de·

351 2079 454 2167 bebit,
484 2100 549 2176 qna
566 2095 677 2148 tamen
692 2081 728 2147 in
743 2071 917 2178 sententia,
945 2079 1071 2171 etianpli
1086 2084 1202 2177 omnia
1217 2096 1414 2181 argumenta
1429 2100 1644 2167 connexam
1656 2076 1701 2152 al·

351 2179 418 2253 lata
442 2175 589 2273 feliciter
612 2174 827 2269 refutaverit,
854 2187 994 2255 minime
1016 2177 1226 2284 acquiescere
1253 2186 1398 2280 poterit,
1422 2210 1500 2255 curn
1521 2209 1565 2255 ne
1586 2177 1702 2255 dicere

351 2276 489 2384 quidetn
513 2278 638 2375 valeat,
662 2277 745 2381 quid
768 2278 807 2353 stt
826 2290 938 2455 quies,
968 2310 1070 2386 quam
1091 2310 1152 2383 per
1170 2303 1281 2357 toturn
1303 2279 1468 2356 mnndum
1485 2283 1705 2359 constituerit.

353 2382 420 2458 Sed
437 2400 554 2455 contra
568 2398 637 2451 tarn
650 2400 776 2483 apertas
790 2383 829 2455 ab
846 2384 1003 2465 tarditates
1016 2411 1167 2493 pugnare
1181 2381 1406 2463 firrniffirnurn
1420 2386 1552 2460 nostrae
1570 2380 1703 2459 senten·

353 2492 419 2563 tiae
432 2481 696 2585 fundamentum¹
704 2480 847 2559 videtur.

435 2714 438 2725 ,
834 2642 865 2711 A
893 2640 925 2710 X
947 2640 970 2712 l
991 2640 1018 2711 0
1038 2642 1143 2715 MA.
1192 2664 1222 2713 a.

462 2750 513 2821 82.
534 2739 686 2838 Corpus,
712 2735 805 2844 quod
821 2734 968 2813 absolute
983 2736 1139 2841 quiescit,
1165 2739 1191 2813 sr
1213 2737 1298 2812 nulli
1322 2728 1704 2837 externae-actionis!-

357 2844 422 2915 erit
438 2835 638 2935 subjectum,
664 2861 829 2944 perpetuo
842 2847 878 2919 in
893 2847 1004 2943 quiete
1014 2838 1249 2942 perseverabit.

456 3104 508 3181 83.
530 3094 749 3163 Pronnnciari
768 3091 836 3161 hoc
848 3097 978 3162 axioma
993 3086 1078 3162 solet
1087 3085 1129 3162 de
1137 3115 1283 3190 corpore
1292 3112 1507 3188 quocunque,
1528 3106 1563 3159 et
1582 3086 1644 3189 per
1669 3081 1704 3161 se

358 3209 427 3269 tam
443 3187 654 3295 perspicuum
678 3190 830 3281 videtur,
856 3211 893 3264 ut
908 3190 998 3263 nulla
1012 3192 1210 3291 probatione
1226 3188 1384 3290 indigeat.
1434 3192 1513 3288 Quo
1529 3208 1641 3263 antem
1654 3195 1705 3263 nie

355 3303 426 3393 ejus
473 3292 592 3370 clarius
637 3294 865 3396 intelligatur,
915 3313 1054 3365 unctum
1093 3312 1223 3367 tantrun
1273 3289 1331 3365 seu
1380 3288 1587 3363 elernenturn
1624 3286 1703 3366 cor·
1734 3288 1737 3293 ’

355 3404 449 3499 poris
476 3393 723 3485 consideretur,
757 3393 852 3496 quod
883 3320 1037 3467 sisemel
1064 3393 1214 3470 absolute
1249 3399 1439 3494 quieverit,
1467 3414 1634 3493 perpetuo
1665 3398 1703 3467 in

356 3506 471 3601 quiete
494 3494 710 3597 perseverare
737 3494 857 3571 debet:
884 3522 963 3568 curn
991 3501 1145 3570 enimin
1169 3522 1211 3569 eo
1238 3494 1329 3567 nulla
1351 3493 1425 3566 infit
1451 3499 1557 3583 ratio,
1590 3519 1652 3589 cur
1668 3499 1705 3567 in

356 3627 458 3673 unarn
499 3604 587 3672 otius
600 3597 823 3671 directionem
841 3602 975 3671 moveri
992 3603 1148 3700 incipiat,
1182 3624 1284 3698 quarn
1300 3602 1335 3667 in
1350 3620 1468 3668 onmes
1483 3593 1581 3687 alias,
1604 3614 1705 3699 atque

358 3626 563 3799 extrinsecus
593 3708 704 3774 omnis
723 3696 819 3773 causa
843 3718 956 3774 motue
977 3698 1163 3788 adimatur,
1191 3694 1374 3772 secundum
1396 3695 1523 3769 nullarn
1545 3694 1705 3773 directio·

358 3830 440 3877 nem
463 3822 595 3875 motum
627 3808 807 3903 concipere
836 3806 972 3905 poterit.
1022 3804 1152 3874 Nititur
1178 3806 1283 3902 igitur
1311 3796 1450 3901 quidem
1474 3801 1556 3874 haec
1580 3800 1732 3875 ve'riro·

357 3910 527 4007 principio
549 3900 737 3979 sufficientia
760 3908 917 3996 rationis,
950 3909 1088 3976 interim
1112 3920 1224 3975 tamen
1247 3899 1376 4002 inipso
1429 3922 1532 3973 uncto
1556 3897 1615 3975 seu
1636 3899 1704 3975 ele·

357 4026 477 4080 mento
503 4033 673 4108 corporeo
708 4001 801 4080 causa
829 4013 1078 4104 pennanentiae
1107 4010 1145 4077 in
1171 4009 1284 4102 quiete
1304 3928 1440 4103 agnosdi
1461 4000 1577 4093 debet,
1599 4009 1647 4076 ita
1669 4020 1705 4077 ur

358 4110 442 4184 haec
462 4113 584 4180 veritas
609 4135 672 4206 pro
695 4100 872 4181 necessaria
893 4106 933 4179 sit
958 4104 1118 4181 habenda.
1166 4102 1269 4199 Quod
1291 4124 1403 4177 autern
1424 4100 1466 4175 de
1479 4124 1606 4202 puncto
1619 4130 1706 4208 quo·

360 4235 493 4309 cunque
515 4208 561 4280 esi
582 4209 779 4310 probatum,
806 4204 841 4279 id
860 4235 906 4309 qu
956 4234 997 4280 ue
1019 4207 1062 4281 de
1084 4207 1239 4279 omnibus
1255 4211 1396 4301 junctim
1412 4198 1537 4296 sumtis,
1561 4204 1707 4309 ideoque

358 4307 409 4385 de¹
421 4314 542 4412 quovis
557 4334 715 4409 corpore,
722 4308 827 4383 valeat
843 4236 973 4383 necdsle
988 4311 1055 4405 ell3
1079 4306 1104 4380 fi
1119 4314 1211 4381 enim
1226 4305 1351 4408 singula
1364 4313 1433 4401 ejus
1449 4305 1615 4381 elementa
1631 4314 1707 4411 qui·

360 4408 490 4503 escant,
516 4430 562 4517 ⁸et
579 4416 617 4486 in
636 4414 749 4515 quiete
767 4405 1004 4516 perseverent,
1044 4416 1127 4514 quin
1150 4426 1263 4485 toturn
1279 4434 1401 4514 corpus
1422 4408 1472 4514 lit
1500 4416 1706 4585 quiqrururn,

1587 4514 1723 4588 ubitari.
