4092 5134
803 214 825 258 Ι
923 275 929 288 ι

376 456 458 561 426
530 442 728 533 carur
749 440 859 530 xrx.
926 440 1009 553 nu,
1023 435 1204 530 uoru
1230 370 1544 530 corrouun

381 630 657 706 tarius'uerticalis
673 630 814 731 per'ejus
831 650 984 703 centrum
1000 626 1159 703 tranlibit.
1207 625 1281 699 Nili
1297 654 1380 797 eppo
1398 630 1479 701 haec
1497 623 1601 710 laelio
1621 647 1716 701 tran·

381 732 446 809 seat
471 762 529 831 per
552 760 701 805 centrum
725 734 864 803 inertiae
887 738 1065 829 corporis,
1095 725 1235 798 dircdlio
1264 755 1318 799 me
1344 737 1372 801 ia
1395 724 1567 826 prefflonis
1591 754 1663 802 uon
1681 732 1718 799 in

382 832 528 906 serlione
574 861 632 933 per
671 850 822 904 centrum
858 838 996 905 inertiae
1036 827 1092 926 ad·
1110 823 1365 927 'longitudinem
1398 826 1594 926 norinaliter
1629 824 1722 899 fadla

383 931 574 1010 versabitur.

789 1172 796 1186 .
886 1023 1240 1155 rirrr'rcarro..¹

491 1249 575 1320 927.
599 1232 753 1323 Corpora
770 1230 873 1323 igitur
891 1228 949 1296 hie
966 1221 1438 1325 corssrderamuchylindrica,
1465 1231 1501 1297 in
1516 1224 1635 1324 quibus
1652 1229 1721 1325 pri-

386 1352 445 1400 mo
460 1348 595 1397 notetur
611 1353 730 1397 corum
752 1332 818 1395 aris
835 1324 924 1423 quali
943 1334 1168 1424 geometricus
1185 1382 1197 1413 ,
1229 1324 1271 1398 ad
1287 1352 1395 1426 quem
1419 1350 1538 1397 ornnes
1557 1320 1724 1396 sectiones

387 1428 583 1499 arormalitcr
599 1423 728 1511 fac‘lac,
757 1423 819 1496 srut
837 1426 948 1499 circuli
965 1426 1143 1525 aequales,
1170 1434 1214 1497 ita
1228 1444 1266 1499 ut
1282 1450 1403 1524 corpus
1420 1423 1460 1496 lit
1479 1424 1651 1517 cylindrus
1666 1449 1721 1494 re·

389 1528 486 1611 (lars,
518 1533 609 1619 cujus
634 1545 772 1610 motus,
794 1523 875 1595 dum
895 1524 997 1623 plano
1026 1526 1229 1597 lrorizontali
1255 1544 1416 1625 perpetuo
1441 1524 1603 1597 incumbit
1618 1518 1720 1611 ,lu-

226 1627 298 1725 rig.
312 1626 373 1709 ¹¹7·
389 1653 466 1699 araris
481 1626 694 1717 exploraturi.
749 1626 782 1695 si
798 1645 952 1695 centrum
965 1630 1103 1697 inertiae
1118 1631 1153 1696 in
1173 1621 1244 1723 ipl'o
1259 1652 1319 1697 axe
1332 1630 1541 1723 georrtetrieo
1557 1619 1637 1697 ell'et
1651 1626 1722 1708 ,in

392 1732 486 1799 oanni
500 1725 562 1799 litu
584 1724 753 1817 cylindrus
768 1724 999 1823 aequilibrium
1015 1744 1143 1799 teneret
1159 1752 1172 1799 t
1192 1724 1241 1797 lin
1262 1745 1370 1797 autem
1386 1719 1478 1795 secus
1494 1780 1505 1810 ‚
1532 1720 1722 1797 confidere·

391 1846 445 1899 tur
462 1823 565 1898 sec‘lio
580 1824 721 1917 cylindri
737 1821 777 1915 ad
797 1850 892 1895 axem
910 1824 1069 1897 normalis
1083 1851 1142 1923 per
1158 1844 1311 1898 centrum
1332 1830 1470 1895 inertiae
1494 1827 1510 1896 l
1530 1822 1637 1909 fedic,
1663 1848 1722 1891 cu-

390 1934 439 2021 jus
454 1946 603 1997 centrum
618 1925 657 1997 sn
680 1932 713 1995 iu
732 1924 787 2010 G,
819 1944 917 2021 atque
937 1923 1115 2013 adllaturn
1133 1924 1318 2025 aequilibrii
1340 1931 1546 2023 requiritur,
1574 1944 1611 1993 ut
1632 1921 1724 1992 reeta

344 2078 346 2083 -
390 2030 438 2097 Gl
456 2028 494 2098 sn
511 2024 696 2109 verticalis,
722 2050 761 2091 ex
777 2050 845 2121 quo
863 2021 984 2121 duplex
1003 2024 1099 2097 datur
1115 2025 1301 2125 aequilibrii
1316 2024 1392 2095 litus
1410 2079 1423 2110 ,
1449 2022 1532 2095 alter
1553 2048 1622 2121 quo
1643 2048 1723 2092 een·

391 2148 481 2197 trum
502 2130 636 2195 inertiae
653 2129 666 2191 l
682 2120 809 2193 iufraG
827 2121 910 2192 alter
926 2150 994 2221 quo
1017 2120 1112 2219 supra
1137 2129 1167 2196 G
1192 2121 1362 2209 versatur,
1388 2150 1534 2221 quorum
1555 2122 1612 2193 ille
1623 2118 1723 2214 stalt-

391 2232 442 2309 lir,
454 2228 508 2294 bic
523 2222 625 2297 labilis
641 2240 804 2317 vocetur„
838 2224 878 2293 ln
894 2230 989 2294 omni
1001 2242 1113 2296 autem
1127 2223 1268 2320 cylindri
1282 2222 1344 2296 situ
1358 2230 1423 2295 axis
1429 2230 1655 2323 geometricus
1673 2218 1720 2291 eil

391 2321 638 2407 horizontalis,
659 2322 768 2395 rectae
792 2322 962 2393 coutaa‘lus
985 2324 1186 2399 verticaliter
1208 2329 1402 2399 imminens.
1455 2320 1586 2397 Deinde
1607 2341 1723 2393 ter-nos

394 2454 468 2498 axes
486 2424 695 2495 mechanicos
714 2420 857 2514 cylindri
878 2419 971 2495 nolle
991 2434 1149 2522 oportet,
1175 2430 1232 2524 qui
1250 2424 1551 2526 liqualemcrmqu'e
1568 2427 1723 2494 materiae

390 2526 656 2599 distributionem
671 2520 902 2609 admittimus,
924 2544 1093 2625 utcunque
1111 2524 1151 2598 ab
1169 2552 1227 2598 ane
1245 2530 1460 2627 geonrctrico
1473 2521 1530 2597 feu
1545 2519 1726 2598 secundum

391 2622 636 2728 longitudinem
659 2619 759 2693 dudio
785 2617 920 2694 differre
940 2620 1104 2723 polluat,
1133 2651 1311 2725 aquarum
1340 2621 1508 2725 politione
1529 2647 1646 2695 motus
1669 2618 1725 2691 de·

390 2730 581 2801 terminatio
597 2722 799 2821 potilliunun
814 2723 945 2819 pendet.
996 2728 1059 2803 Per
1073 2745 1227 2797 centrum
1238 2729 1377 2797 inertiae
1389 2728 1513 2797 letiam
1529 2722 1626 2795 eludia
1645 2747 1726 2793 con·

393 2832 531 2925 cipiatur
547 2824 692 2895 rediaaxi
707 2828 914 2921 geometrico
928 2824 1104 2921 parallel-s,
1128 2853 1213 2926 quae
1231 2826 1517 2925 plerumque'aris
1535 2821 1726 2923 principalis

391 2924 460 3000 'elle
476 2923 558 2997 solet
575 2982 585 3012 ‚
612 2944 642 2993 et
660 2920 788 3019 semper
804 2942 914 2993 rnaraet
929 2925 1158 3000 horizontalis.
1208 2930 1270 2997 Hir
1287 2932 1389 3026 igitur
1404 2931 1526 2997 notatis
1543 2984 1553 3013 ‚
1568 2947 1728 3023 quomo·
1760 2947 1763 2953 ·

395 3026 572 3123 docunque
594 3020 760 3114 cylindrus
784 3023 884 3121 plano
909 3025 1109 3096 horizontali
1134 3027 1329 3113 incursabat,
1366 3032 1400 3095 in
1425 3022 1572 3097 sedlione
1592 3022 1727 3097 [ΜΕΝ

393 3152 455 3229 per
470 3144 622 3196 centrum
641 3130 780 3195 inertiae
802 3121 919 3195 lfadla
943 3146 1080 3197 notetur
1104 3126 1263 3223 puudlrun
1284 3125 1339 3213 T,
1355 3126 1412 3196 ubi
1429 3130 1486 3199 hic
1500 3123 1643 3198 circulus
1661 3122 1727 3224 pla-

395 3252 479 3301 uum
493 3222 700 3295 horizontale
715 3230 829 3323 tangit,
848 3222 968 3296 deiude
987 3232 1087 3297 etiam
1103 3226 1158 3297 illa
1176 3224 1277 3299 set‘lio
1291 3230 1368 3298 huic
1383 3226 1535 3325 parallelo
1548 3226 1655 3325 probe
1667 3249 1726 3296 no·

397 3349 510 3413 tetur,
538 3330 653 3423 inqua
669 3320 934 3397 mediadiredlio
953 3324 1154 3423 preffronum
1168 3324 1334 3414 versatur,
1351 3354 1433 3425 quae
1451 3346 1563 3398 rectae
1575 3328 1648 3397 TG
1664 3330 1728 3397 erit

396 3424 579 3527 parallela;
606 3451 642 3495 ae
660 3443 728 3495 tarn
742 3452 840 3525 quam
862 3433 1023 3525 quantitas
1049 3422 1247 3527 presllonis,
1280 3452 1380 3525 quam
1400 3424 1549 3500 dillantia
1563 3421 1727 3513 sectionis,

396 3534 430 3601 in
446 3539 514 3627 qua¹
526 3520 699 3620 versatur,
725 3552 743 3595 a
758 3522 905 3598 sectione
921 3553 978 3623 per
994 3547 1146 3600 centrum
1169 3532 1307 3599 inertiae
1323 3523 1443 3613 ¹factas,
1469 3536 1533 3600 crit
1550 3532 1727 3622 incognita,
1763 3555 1765 3564 ·

396 3624 533 3701 densum
548 3650 587 3695 cx
613 3645 708 3694 ruotu
729 3622 885 3725 deinceps
905 3624 1177 3705 determinandae
1200 3624 1361 3729 liquidem
1380 3630 1440 3700 bac
1460 3635 1492 3698 ui
1515 3624 1600 3699 effici
1619 3604 1726 3712 debet,

396 3750 434 3798 ut
450 3732 514 3797 axis
533 3723 674 3817 cylindri
694 3723 942 3826 longitudinalis
964 3751 1127 3829 perpetuo
1150 3750 1281 3801 ruaneat
1303 3726 1548 3816 horizontalis‚
1576 3747 1608 3799 et
1625 3726 1730 3821 cylin·
1760 3797 1765 3812 „

397 3824 475 3901 «ltus
490 3826 590 3925 plano
607 3826 1010 3905 lrorizontaliincumbat.
1144 3830 1149 3840 '
1763 3859 1765 3868 ·

860 3995 1249 4096 sonorior.

402 4199 423 4219 Ι,
501 4130 578 4211 928.
606 4115 646 4183 ln
669 4114 723 4185 his
744 4118 888 4191 nantibus
908 4110 1137 4217 investigandis
1160 4138 1231 4185 non
1246 4136 1330 4209 opus
1354 4110 1419 4197 est,
1434 4130 1470 4182 ut
1485 4129 1594 4183 toturn
1609 4087 1730 4207 corpis

396 4224 435 4295 in
455 4215 598 4321 figrrram
621 4212 764 4306 cylindri
785 4218 825 4290 fit
848 4210 1088 4302 efformatum,
1121 4209 1180 4285 sed
1202 4208 1341 4290 srsfficir,
1368 4212 1448 4284 stin
1470 4210 1580 4305 locis,
1609 4212 1727 4309 quibus

395 4322 496 4425 plano
512 4314 715 4391 lrorizoutali
729 4318 916 4399 incumbit,
942 4317 1046 4389 talem
1068 4308 1404 4406 lrabuerit'fonnam..
1449 4315 1526 4384 Huc
1548 4336 1631 4409 crgo
1658 4337 1730 4409 per·

396 4434 504 4505 nuent
519 4440 631 4500 atratus
642 4423 802 4493 omniun
818 4439 1164 4526 eorurneorporuau,
1188 4418 1326 4515 quaein
1343 4419 1503 4520 ternanos
1527 4408 1729 4505 cylindricos

1504 4501 1510 4513 ’
1559 4508 1723 4604 delituunt,

134 1575 150 1644 ἵ,
