4092 5134
115 574 120 585 Ι
223 510 225 515 .
323 425 435 551 '328
530 410 855 581 crunnum.
917 426 997 517 nn
1019 348 1200 561 nonu
1225 348 1541 563 minumum
1622 396 1658 423 ”

240 654 243 669 ¹
368 603 616 711 tinrrationom,
656 610 724 693 hoc
757 617 823 709 en,
848 600 889 691 ud
916 612 1061 721 quodvis
1090 634 1220 721 tempus
1241 634 1319 745 im
1335 612 1437 693 'sstum
1460 644 1562 725 qnam
1582 638 1719 696 motum

372 727 523 803 turbinis.
667 818 673 827 .

458 840 467 879 i

904 816 1232 947 ιοιυιιοζ.

199 1024 345 1125 Fig.101·
416 1022 418 1027 ¹
472 1030 637 1103 Habuerit
654 1030 753 1097 initio
767 1028 833 1095 axis
850 1020 989 1093 turbinis
1004 1016 1047 1091 od
1062 1020 1282 1093 hotiiontem
1305 1016 1560 1107 inclinationem
1581 1019 1628 1114 J,
1653 1030 1719 1097 cir·

373 1161 411 1207 ca
430 1158 532 1232 quem
553 1134 718 1227 acceperit
747 1144 880 1197 motum
899 1127 1113 1224 gymtorinm
1134 1122 1304 1196 celeritate
1325 1122 1473 1223 angulati
1492 1154 1533 1195 ⁴:
1554 1128 1620 1199 titi
1649 1124 1719 1199 scti-

374 1233 446 1309 smu
462 1236 557 1305 ΑΒΘ.
606 1232 780 1301 sumamus
793 1246 906 1298 autem
926 1230 1026 1296 initio
1047 1226 1151 1297 axem
1166 1226 1306 1298 turbinis
1327 1230 1357 1297 A
1381 1223 1507 1327 inipso
1529 1227 1720 1303 meridiano
1758 1246 1761 1255 '

373 1339 436 1415 ZX
452 1328 574 1420 fuisse,
600 1338 636 1401 in
651 1356 728 1403 eum
753 1354 795 1401 tte
811 1324 908 1400 finini
922 1350 1038 1399 arcum
1061 1329 1117 1396 AB
1139 1321 1180 1397 nd
1201 1326 1372 1399 turbinem
1390 1335 1618 1426 pertinentem
1641 1338 1721 1404 inci·

375 1432 465 1509 diffe.
515 1440 581 1507 Pro
598 1427 670 1532 ipso
687 1357 817 1503 turbine
833 1426 873 1500 fit
889 1434 957 1524 ejus
972 1418 1071 1523 innisa
1084 1460 1126 1497 =
1142 1430 1204 1516 M,
1229 1444 1444 1501 momentum
1458 1436 1598 1505 inertiae
1613 1432 1720 1536 respe-

373 1540 430 1609 ctu
447 1542 601 1617 omnium
616 1539 726 1603 axium
745 1556 804 1629 per
822 1534 892 1623 ejus
909 1547 1065 1601 centrum
1078 1534 1218 1601 inertiae
1241 1524 1484 1603 transeuntium
1497 1566 1537 1604 =
1553 1530 1664 1626 Mau,
1689 1558 1721 1613 et

374 1647 410 1712 in
426 1664 485 1710 uxo
502 1638 642 1708 turbinis
656 1632 801 1706 distantia
817 1636 903 1703 imno
917 1624 1059 1729 cuspidis
1081 1654 1102 1699 o
1117 1648 1235 1703 centro
1257 1635 1397 1705 inertius
1419 1636 1468 1706 tt)
1482 1666 1521 1703 =
1528 1638 1560 1730 f,
1621 1642 1721 1713 Nunc

374 1735 486 1841 cispio
502 1758 656 1837 tempore
669 1766 707 1802 =
721 1755 737 1807 t
752 1752 973 1822 ,tnenterna
989 1747 1087 1802 motu
1099 1738 1207 1804 centri
1221 1740 1360 1808 inertiae
1373 1732 1618 1828 abstrahendo,
1646 1770 1721 1842 per·
1747 1777 1757 1794 ι

375 1846 507 1916 venerit
522 1846 589 1912 axis
602 1835 742 1908 turbinis
759 1840 794 1906 iu
811 1839 866 1920 A,
894 1851 932 1905 ut
952 1832 993 1906 fit
1015 1832 1155 1935 angulus
1171 1836 1263 1908 XZA
1277 1868 1317 1907 =
1336 1852 1381 1927 λ,
1398 1846 1535 1940 ejusque
1551 1844 1721 1920 inclinatio

376 1942 418 2017 ud
436 1947 653 2015 horizontem
668 1938 688 2021 θ
705 1930 759 2008 scu
773 1962 869 2007 arcus
885 1936 945 2007 ΖΑ
960 1970 1000 2006 =
1019 1944 1089 2025 9οο
1108 1976 1147 1993 -
1159 1934 1194 2022 θ,
1205 1941 1249 2008 ita
1265 1956 1303 2009 ut
1325 1942 1425 2011 initio
1439 1936 1542 2013 fuerit
1556 1946 1584 2010 λ
1598 1976 1640 2015 -.:
1652 1972 1680 2025 0
1692 1969 1723 2021 et

376 2046 448 2130 0:
463 2044 508 2133 δ,
536 2064 607 2115 ιιιιιι
624 2064 708 2110 vcro
728 2064 823 2111 arcus
841 2039 895 2108 AB
908 2062 987 2109 cum
1003 2037 1136 2109 turbine
1156 2036 1291 2111 tttobilis
1305 2046 1371 2135 jam
1386 2066 1463 2111 cum
1481 2044 1542 2115 ΖΛ
1559 2040 1660 2121 faciut
1672 2078 1725 2124 mt-

377 2146 494 2245 gitium
507 2146 598 2243 *LAB
613 2172 653 2209 =
666 2130 691 2241 ζ
705 2197 716 2226 ,
742 2144 788 2211 ita
803 2156 840 2209 ut
853 2142 952 2211 initio
965 2134 1068 2209 suerit
1082 2126 1107 2243 ζ
1121 2170 1160 2207 =
1173 2164 1208 2211 0.
1258 2141 1369 2215 Porro
1387 2162 1526 2241 gyretttt'
1549 2162 1641 2222 nunc
1657 2172 1724 2226 tur·
1752 2153 1763 2163 ’

377 2248 423 2317 bo
441 2253 529 2316 circa
550 2240 667 2344 polum
684 2244 716 2313 Ο
730 2238 900 2321 celeritate
913 2238 1064 2339 anguinei
1076 2274 1118 2309 .·.-.
1129 2266 1153 2315 ts
1165 2245 1350 2315 etiamnum
1363 2248 1399 2315 iu
1413 2238 1544 2317 sensum
1558 2252 1649 2325 ΑΒΘ
1666 2283 1725 2357 po.

378 2368 542 2447 nuturquc
565 2370 661 2416 nrcus
685 2344 747 2414 ΛΟ
763 2375 810 2413 ·=
834 2366 863 2414 a
877 2339 1069 2443 et'nngulut
1092 2340 1184 2413 BAO
1205 2374 1245 2413 =
1265 2360 1287 2421 u
1311 2401 1322 2432 ,
1374 2348 1417 2415 ita
1442 2364 1479 2417 ut
1503 2338 1603 2422 initio
1627 2312 1726 2430 fuerit

376 2477 405 2523 a
423 2484 462 2519 =
476 2472 525 2535 0,
553 2451 631 2548 quia
652 2444 753 2516 turbo
773 2449 863 2514 circa
885 2438 992 2543 ipsum
1015 2466 1112 2515 nxem
1131 2442 1212 2514 tlt)
1224 2451 1338 2542 gyrari
1359 2451 1484 2547 coepit,
1508 2450 1652 2553 angulus
1671 2485 1726 2539 nu,

377 2572 446 2673 tem
461 2554 586 2633 ninitio
603 2566 674 2669 crat
686 2536 890 2618 indefinitus.
952 2538 1082 2641 Quodsi
1106 2548 1173 2637 jum
1195 2545 1264 2615 hoc
1285 2547 1416 2620 instanti
1441 2548 1562 2647 ptcffio
1584 2554 1725 2658 cuspidis

377 2680 413 2725 m
434 2650 570 2751 planum
598 2644 810 2722 irorrzontaie
826 2662 970 2743 ponatur
991 2648 1081 2735 .=P‚
1097 2642 1328 2747 praecedentia
1349 2650 1556 2750 problemata
1566 2652 1725 2763 suppetit.
1763 2722 1766 2731 ,

377 2773 447 2827 tunt
469 2749 643 2855 sequentes
660 2753 894 2853 aequationem

596 2890 620 2957 ι
787 2863 1252 2985 sonent-aufin-

532 2964 1220 3047 1.-=t†-·--··-··-·········

587 3030 634 3115 M
781 3046 786 3054 ·
941 3016 1078 3137 ogd?
