4092 5134
267 424 344 512 DE
372 348 580 517 Morus
604 424 918 517 GYRATORll
945 424 1384 521 GENERATIONE.
1449 454 1521 538 149

1181 616 1338 695 rfsyarr

167 672 235 773 ipfi
248 674 310 746 OC
323 670 512 773 parallelam
527 688 560 744 et
577 666 770 773 oppositam
779 664 962 768 applicetur
978 672 1026 741 vir
1043 668 1102 755 Qe
1119 696 1373 804 :mh-5
1408 662 1518 766 licque

168 834 290 883 omnes
309 810 515 884 habebuntur
535 818 643 904 vires,
668 834 747 907 quas
770 815 836 879 axis
861 806 1052 881 immediate
1072 803 1250 895 sustinebit,
1268 812 1325 907 qui
1344 831 1428 906 ergo
1444 800 1517 877 satie

167 910 256 983 linus
276 906 340 989 effe
356 909 480 1007 debet,
507 932 544 983 ut
556 936 600 984 ne
620 910 659 983 ab
679 917 717 981 iia
732 907 773 979 de
790 907 849 981 suu
867 906 927 981 suo
942 909 1149 983 deturbetur.

685 1076 922 1148 cottotr,
973 1100 997 1145 r.

254 1245 256 1254 ·
275 1217 338 1295 381.
361 1206 394 1274 Si
409 1176 544 1300 planum
564 1204 651 1275 AOB
669 1209 712 1274 ita
731 1208 887 1301 capiatur,
912 1222 948 1273 ut
966 1228 1025 1301 per
1044 1204 1196 1301 corporis
1213 1218 1367 1273 centrum
1384 1202 1521 1268 inertiae

167 1299 311 1377 transeat
328 1361 338 1392 ,
363 1304 541 1401 eritssz
555 1336 593 1374 =
608 1328 657 1391 0,
683 1300 772 1376 untle
792 1310 842 1375 vir
859 1308 901 1399 Ρρ
919 1299 1117 1398 evanescet,
1142 1299 1247 1373 sunul
1264 1328 1346 1371 vero
1368 1299 1518 1371 dillautia

1261 1397 1439 1477 vfsxzau

168 1456 228 1527 ΟΡ
242 1454 302 1528 liet
317 1455 467 1531 infinita:
493 1453 549 1526 ubi
564 1468 674 1525 tamen
685 1452 869 1529 notandum
890 1455 949 1546 cll,
965 1452 1041 1530 fore
1059 1458 1109 1555 tq.
1125 1457 1183 1527 ΟΡ
1197 1488 1237 1525 =
1255 1478 1454 1589 W:
1478 1453 1522 1519 iu

169 1610 205 1665 ut
220 1594 307 1669 hauc
327 1599 397 1667 vir'n
411 1592 584 1697 negligere
599 1616 672 1663 non
694 1590 801 1663 liceat.

717 1777 927 1849 cottott.
956 1771 993 1853 π.

268 1936 338 2016 382.
367 1923 544 2027 Qoniam
564 1929 631 2001 hoc
647 1921 753 2000 modo
771 1950 889 1999 ornnes
907 1931 1007 2014 viret,
1024 1952 1106 2027 quas
1122 1928 1189 1997 axis
1208 1918 1371 2013 sullinet,
1396 1913 1454 2013 ipli
1471 1920 1523 1985 axi

170 2024 245 2101 sum
262 2026 467 2127 applicatae,
490 2028 515 2101 fi
539 2058 595 2103 eae
619 2027 651 2102 se
675 2049 796 2101 mutuo
818 2034 853 2099 in
878 2026 1089 2127 aequilibrio.
1105 2044 1271 2112 teneant,
1306 2026 1373 2092 axis
1388 2016 1523 2111 {nullam
1669 2064 1673 2071 -

169 2136 240 2201 rim
267 2133 444 2227 patietur,
483 2157 670 2234 corpusque
696 2138 783 2203 circa
808 2156 906 2218 eum,
928 2127 1118 2227 etiamsrl‘rt
1135 2128 1255 2227 liber,
1298 2122 1416 2224 sponte
1437 2144 1524 2217 ,con-

168 2235 255 2303 veni
278 2233 427 2328 incipiet.

683 2362 926 2435 COROLL.
984 2364 1032 2445 3.'
1176 2348 1184 2363 '⁵

270 2537 337 2613 383.
363 2527 390 2594 A
409 2521 543 2625 lingulis
564 2543 673 2597 autem
690 2528 816 2601 viribus
839 2550 960 2625 corpus
988 2520 1519 2599 sollicitantibus'oriuntur'toti·

170 2620 248 2697 dem
267 2632 353 2697 vires
379 2624 438 2723 ipsr
458 2632 508 2696 atti
535 2629 743 2723 applicatae3
771 2626 889 2723 quibua
911 2624 1033 2697 deinde
1055 2624 1190 2722 adjungi
1212 2626 1333 2696 debent
1357 2624 1453 2694 binae
1468 2628 1519 2691 vi-

167 2750 223 2798 res
252 2728 296 2830 P,
330 2742 361 2795 et
386 2726 444 2817 Qc
470 2732 521 2791 axi
554 2726 672 2794 itidem
699 2723 878 2821 applicatae
906 2752 917 2811 3
960 2722 1073 2822 sicque
1102 2749 1219 2793 omues
1245 2724 1409 2793 habentur
1435 2726 1520 2790 uires

167 2851 267 2897 axem
286 2820 477 2893 afficientes.

653 2906 1041 3039 rrrrrcurra
1103 2958 1106 2965 ·

269 3128 343 3203 384.
368 3112 445 3186 Iam'
461 3111 543 3186 ante'
557 3112 759 3189 ostendimur
775 3119 790 3205 ,'
815 3114 934 3190 liduae
949 3122 1038 3190 uires
1053 3122 1090 3189 in
1105 3112 1227 3189 eodem
1240 3114 1342 3216 plano
1361 3110 1401 3186 ad
1424 3136 1521 3186 axem

167 3216 314 3293 normali
329 3212 456 3290 fuerint
470 3215 647 3315 applicatae
664 3274 673 3305 ‚
695 3245 837 3319 quarum
850 3238 1022 3290 momenta
1040 3213 1073 3291 se
1089 3214 1281 3305 destruant,
1307 3224 1346 3290 iis
1361 3222 1516 3318 aequivat

164 3310 239 3393 lere
256 3318 336 3391 duas
352 3315 503 3417 aequales
518 3323 608 3390 vires
625 3316 685 3418 ipsi
701 3326 753 3391 axi
769 3325 804 3389 in
818 3316 1188 3393 iisdem'diredliouibus
1204 3318 1376 3421 applicatas
1390 3350 1400 3407 3
1427 3340 1517 3390 nunc
1579 3384 1582 3389 ,

166 3426 178 3493 i
204 3428 294 3509 itur,
320 3446 363 3493 ne
380 3416 637 3491 ullumdubium
652 3424 738 3493 circa
761 3422 847 3491 hanc
870 3417 1075 3494 solutionem
1097 3418 1257 3521 superfit,
1282 3448 1322 3494 ex
1344 3422 1516 3520 principiis

152 3448 285 3607 ,llrticis
302 3519 523 3594 demonllrari
540 3540 701 3620 oportet,
725 3520 815 3595 idem
831 3521 966 3611 valere,
995 3522 1122 3605 etiamli
1138 3520 1213 3595 illae
1231 3530 1318 3595 vires
1345 3532 1380 3593 in
1401 3518 1515 3593 diver·

165 3620 208 3699 lie
224 3622 329 3725 planis
347 3620 496 3694 adaxem
509 3622 715 3695 normalibus
738 3620 865 3696 fuerint
881 3622 1071 3723 applicatae.
1122 3628 1172 3696 Sit
1194 3628 1294 3723 igitur
1319 3630 1372 3697 axi
1394 3624 1456 3695 Oti
1479 3614 1515 3693 iu
1542 3619 1611 3717 fig.
1628 3636 1680 3701 42·

166 3725 268 3826 plano
290 3720 331 3797 ad
352 3728 382 3796 E
405 3721 550 3796 normali
574 3724 732 3825 applicata
759 3730 807 3796 vis
829 3750 1046 3826 quaecunque
1070 3732 1105 3797 in
1130 3724 1240 3827 figura
1260 3751 1330 3797 nou
1353 3718 1513 3826 expressa,

120 3848 123 3857 ·
167 3848 242 3899 tum
259 3850 342 3899 vero
358 3832 395 3897 in
412 3824 513 3923 plano
529 3822 569 3895 ad
594 3852 688 3898 axem
711 3830 746 3897 in
771 3829 798 3898 F
818 3826 962 3897 normali
980 3828 1140 3928 applicata
1164 3825 1204 3897 fit
1226 3830 1274 3897 uis
1297 3830 1381 3923 Nn,
1419 3832 1511 3915 cujus

164 3946 379 4003 momentum
395 3926 483 3997 illius
498 3947 674 4000 momento
687 3926 726 4000 lit
742 3925 878 4029 aequale
901 3946 934 4001 et
958 3934 1191 4016 contrarium,
1211 3924 1318 4027 fitque
1339 3929 1428 4000 reela
1449 3927 1511 3999 FN

164 4027 208 4103 ad
225 4026 445 4101 duellionem
459 4027 549 4100 illius
566 4036 614 4099 vis
637 4030 694 4102 Nn
708 4026 1002 4130 perpendicularis.
1059 4033 1209 4101 Ducatur
1223 4054 1264 4101 ex
1286 4033 1316 4099 E
1333 4029 1423 4101 aella
1437 4028 1511 4099 EM

163 4130 226 4231 ipl'r
241 4132 303 4203 FN
320 4130 464 4233 aequalis
483 4148 514 4203 et
531 4130 685 4229 parallela
703 4188 714 4228 ,
737 4137 791 4203 cui
809 4136 844 4201 in
864 4134 906 4203 M
925 4138 974 4205 vis
992 4132 1066 4205 Man
1081 4126 1140 4231 ipsi
1162 4132 1219 4205 Nn
1240 4132 1385 4233 aequalia
1401 4150 1435 4202 et
1454 4155 1511 4227 pa·

162 4230 279 4309 rallela
295 4232 451 4330 applicata
467 4239 673 4333 concipiatur
688 4263 697 4323 3
725 4251 796 4305 tum
813 4258 895 4305 vero
912 4239 946 4306 in
966 4236 994 4303 E
1011 4252 1045 4307 et
1060 4236 1085 4307 F
1100 4232 1252 4335 aequales
1274 4238 1363 4307 vires
1386 4231 1451 4302 illis
1471 4230 1513 4307 Fr

164 4353 200 4411 et
216 4337 277 4432 Epa
294 4330 408 4404 itidem
422 4334 595 4431 parallelae
609 4334 786 4437 applicatae
802 4334 1041 4436 intelligantur.
1091 4340 1202 4437 Atque
1217 4332 1352 4408 evidens
1369 4332 1426 4425 eli,
1441 4349 1509 4397 tres

166 4444 256 4511 vites
272 4434 380 4537 Man,
407 4438 473 4541 ,Epa
493 4454 524 4509 et
545 4432 589 4531 F,
611 4437 818 4543 aequivalere
846 4442 881 4508 vi
902 4444 960 4511 uni
982 4440 1050 4535 Nn,
1069 4436 1324 4541 quoniam-baec
1339 4433 1511 4506 contrario

798 4540 880 4627 T3
1402 4528 1508 4605 modo
1661 4502 1675 4629 ι’
1767 4498 1811 4585 =¹
