4092 5134
356 530 359 545 ¹
428 385 933 525 corruscuronmt
946 436 991 527 a
1004 431 1219 567 rumas
1240 438 1494 571 nomaso.
1515 449 1595 547 ac.
1629 410 1725 563 ω’

852 632 1107 707 COROM.
1157 652 1185 702 1.

309 840 312 849 Ι
344 806 369 823 ,s
433 773 504 843 ²²9·
530 751 566 821 Si
582 742 692 825 radios
709 752 816 827 osculi
831 782 953 830 curvae
969 766 1003 832 in
1024 763 1047 832 S
1062 778 1209 857 ponatur
1225 790 1265 827 =
1277 788 1322 851 r,
1347 758 1392 839 bb
1408 771 1479 839 uim
1499 767 1687 851 normalem

578 909 585 922 ,
842 912 849 926 ,
974 864 1051 919 Ace

331 902 415 971 :V
431 920 466 974 et
485 900 689 987 celeritatem
705 939 745 975 .·:
762 931 779 977 c
801 926 865 979 errt
882 935 1083 1051 γεῆ-ὖ,

461 1024 477 1039 ”
784 1042 853 1101 ds2

328 1094 363 1151 ·,
412 1094 415 1113 “
481 1122 553 1165 r:
569 1126 1105 1231 tm,
1136 1094 1246 1172 fitnrto
1271 1100 1318 1173 ds
1344 1102 1525 1179 constante.

879 1302 1139 1401 conotus.

429 1445 503 1511 230.
530 1421 625 1495 Radii
647 1420 753 1517 osculi
771 1441 885 1501 utitem
904 1427 1030 1529 positio
1054 1453 1133 1503 curn
1157 1424 1343 1505 diredlione
1365 1438 1416 1505 tris
1436 1436 1494 1531 V,
1514 1460 1582 1609 que
1607 1464 1682 1511 cor·

329 1523 540 1623 puseuluma
564 1524 643 1598 tubo
667 1544 832 1625 urgetur,
866 1536 1049 1633 congruit,
1082 1526 1294 1606 inclinabitur
1314 1539 1419 1637 igitur
1444 1541 1511 1607 isa
1556 1540 1689 1613 retiari
1747 1532 1750 1539 ¹
1852 1579 1857 1595 =

329 1676 779 1795 SParrgqlo‚crrjrtscosrrrrrs
799 1711 838 1747 =
951 1672 954 1681 ¹
1064 1626 1133 1685 δὴ
1178 1712 1372 1770 --·-·‚
1400 1680 1441 1753 ed
1462 1685 1681 1788 SQarrgule‚

736 1804 738 1809 ,
856 1738 1350 1874 ςὲαακιψααμμαμ)

327 1868 430 2019 ουν
451 1836 637 1949 colinus:
662 1928 818 2000 rm„
835 1836 951 2007 *ddyy
966 1944 982 1976 2
998 1928 1157 2007 ΗΜ
1173 1865 1264 1941 etad
1282 1872 1495 1976 SRangulo,
1512 1882 1605 1973 cuiue
1621 1902 1680 1952 ce-

307 2004 310 2010 .
721 2026 724 2033 ¹
749 2004 818 2061 Mt
1391 2004 1397 2021 .

328 2054 414 2128 sitias
433 2057 476 2130 ell
490 2090 526 2102 -·
538 2088 1034 2109 --··“-·-···--··-·

490 2114 1046 2195 ‘rraaaeaeaay24aa22)·

837 2262 1169 2345 SCHOLION.
1255 2308 1260 2315 ·

381 2406 385 2414 ·
431 2410 494 2475 23¹·
522 2382 629 2460 Posset
654 2388 709 2458 hic
736 2393 836 2461 etiam
860 2404 972 2456 motus
1001 2384 1169 2491 expendi,
1195 2384 1332 2489 qumdo
1354 2389 1591 2489 corpusculum
1602 2400 1680 2471 'non

313 2493 366 2559 iu
380 2487 465 2560 linea
479 2487 579 2578 daia,
605 2486 661 2562 sed
677 2495 858 2569 tantumjn
874 2484 946 2559 data
966 2483 1143 2590 superficie
1160 2486 1321 2590 progredi
1339 2498 1475 2592 cogitur
1493 2550 1504 2581 ,
1528 2491 1585 2569 sed
1601 2506 1680 2601 quie
1745 2522 1748 2527 ·

332 2593 398 2662 hoc
423 2612 659 2765 aqgumentum
673 2588 809 2694 copiose
829 2598 893 2684 jam
910 2588 954 2661 ell
970 2591 1147 2666 traditurum
1162 2597 1198 2662 in
1220 2595 1263 2663 ll.
1285 2592 1388 2664 Libro
1413 2596 1529 2667 Mech.
1552 2625 1594 2672 ne
1622 2605 1679 2675 hic

331 2699 430 2764 nimis
465 2694 700 2792 improbatus,
726 2695 759 2765 id
774 2720 845 2765 non
871 2695 1043 2789 attingam.
1113 2688 1312 2764 Praesertim
1327 2719 1405 2763 curn
1423 2716 1550 2792 pateat,
1570 2720 1681 2772 toturn

330 2802 506 2881 rteqotium
529 2798 595 2863 huc
612 2790 747 2886 redire,
774 2811 810 2862 ut
828 2788 971 2860 diree‘iio
998 2796 1074 2877 vis,
1099 2816 1200 2890 quarn
1223 2789 1413 2891 superficies
1435 2801 1471 2865 in
1489 2822 1679 2901 ’corpuscu-

302 2906 305 2911 '
331 2874 403 2965 luris
427 2900 556 2988 exerit,
580 2891 618 2964 fit
638 2888 679 2963 ad
701 2886 805 2990 ipsam
833 2888 1042 2989 superficiem
1066 2891 1252 2964 normalis:
1276 2896 1390 2981 Quare
1420 2908 1682 2999 exaequatione

296 3052 299 3057 .
330 2994 520 3094 superficiei
536 2992 700 3093 propofita
714 2988 958 3066 determinetur
973 2992 1095 3090 positio
1111 2992 1271 3065 normalis
1291 3051 1303 3081 ,
1328 2988 1386 3067 scu
1413 3006 1482 3092 ejus
1504 3003 1678 3080 inclinatio

329 3095 370 3169 ad
391 3117 500 3169 ternas
515 3094 715 3169 directiones
731 3099 797 3185 st,
824 3096 897 3189 sQ
911 3114 944 3168 et
969 3096 1055 3182 SR,
1078 3121 1163 3196 quae
1188 3095 1455 3197 cumpofitione
1478 3108 1527 3175 vis
1550 3110 1581 3177 V
1601 3128 1679 3180 ante

329 3199 466 3273 delinita
482 3225 671 3302 congruere
687 3197 828 3271 debebit.
880 3202 988 3299 Atque
1001 3201 1087 3270 binc
1104 3224 1193 3271 nova
1214 3196 1391 3299 colligetur
1415 3214 1569 3303 aequatio
1588 3216 1675 3281 inter

330 3302 541 3374 coordinatus
558 3331 597 3389 x,
602 3328 657 3397 y,
679 3327 723 3388 z,
750 3324 926 3401 quaecum
945 3302 1051 3397 priori
1070 3296 1145 3372 data
1169 3301 1347 3392 conjunt‘la
1369 3300 1505 3375 deliniet
1530 3315 1618 3380 viam
1640 3318 1676 3382 in

328 3400 503 3501 superficie
518 3398 706 3502 percursam
722 3457 733 3498 ,
757 3428 857 3505 quam
875 3395 939 3472 elle
955 3405 1044 3473 iuter
1061 3396 1136 3475 l'tros
1150 3406 1314 3475 terminos
1328 3402 1552 3481 breviffimum
1564 3438 1624 3509 per
1640 3408 1675 3484 se

328 3507 373 3580 ell
391 3501 610 3605 perspicuum.
661 3505 828 3577 Revertor
847 3528 883 3576 er
908 3528 930 3575 o
951 3498 990 3572 ad
1011 3523 1145 3576 motum
1165 3501 1327 3596 liberum,
1354 3530 1390 3574 ac
1406 3500 1563 3597 docebo,
1589 3539 1675 3613 quo.
1704 3510 1708 3521 '

329 3605 436 3679 ntodo
453 3625 562 3678 moun
580 3609 700 3677 nonin
724 3603 846 3678 eodem
868 3528 970 3704 plano
995 3598 1100 3677 sadus
1123 3604 1185 3706 per
1211 3602 1350 3705 angulos
1374 3602 1415 3676 ad
1436 3629 1566 3683 certum
1589 3640 1676 3714 pun.

330 3710 420 3782 (lum
440 3707 545 3794 lixum
562 3712 684 3780 relatos
699 3702 832 3781 deliniri
863 3710 1074 3805 conveniat,
1100 3733 1137 3779 ea
1160 3703 1287 3779 scilicet
1310 3713 1469 3797 ratione,
1505 3740 1605 3819 quem
1622 3712 1675 3788 su.
1781 3714 1784 3719 ’

328 3836 388 3911 pra
407 3810 511 3911 probl.
526 3814 636 3903 5(70)
654 3804 801 3908 exposui.
852 3805 952 3901 Quod
968 3813 1046 3907 quia
1060 3812 1095 3881 in
1110 3808 1327 3881 Allrouomia
1341 3808 1553 3887 Theoretica
1569 3825 1674 3891 inaxi-

326 3941 418 3985 mrun
442 3907 538 3982 ussert
560 3910 768 4009 utilitatem,
794 3938 836 3983 ne
863 3937 904 3980 uc
932 3912 1015 3982 haec
1037 3930 1192 3982 motuum
1217 3906 1368 3981 evolutio
1389 3918 1424 3985 in
1442 3918 1674 4016 praecedenti·
1749 3976 1753 3981 .

326 4017 387 4086 bus
409 4014 498 4087 libris
513 4013 559 4087 esl
576 4006 757 4116 explicata,
785 4017 815 4085 ei
834 3936 971 4111 liquens
991 4011 1165 4110 problema
1180 4008 1390 4087 destinentur.

740 4183 768 4254 P
796 4184 828 4253 R
856 4180 882 4251 O
906 4184 934 4253 B
958 4183 984 4251 L
1013 4182 1105 4253 EM
1127 4184 1165 4250 A·
1223 4194 1265 4268 ¹8·
1689 4218 1775 4294 Tab.
1790 4229 1857 4314 111.

1109 908 1256 1013 ideoque

395 4324 400 4329 '
428 4335 493 4405 232
518 4318 553 4389 Si
571 4313 806 4415 corpusculum
827 4319 949 4412 partim
969 4308 1007 4385 ad
1007 4310 1188 4487 sumam
1208 4311 1314 4387 sixtum
1339 4316 1371 4385 Ο
1395 4316 1525 4415 partirn'
1538 4320 1577 4391 ab
1602 4319 1672 4390 aliis
1705 4326 1777 4427 fig,
1792 4354 1842 4427 23.

324 4414 576 4519 quibuscunque
599 4418 721 4517 viribus
745 4411 972 4505 sollicitetur,
1050 4414 1150 4490 linire
1171 4422 1241 4513 ejus
1266 4434 1398 4493 motum
1426 4409 1517 4485 talua
1534 4420 1549 4429 ’

326 4517 451 4623 punt‘ii.

975 4616 1019 4687 M
