4092 5134
1105 156 1209 235 s·-
1312 170 1331 217 a

1188 256 1195 291 l

419 216 433 249 Ι

273 414 356 505 oa
368 374 563 506 causis
578 417 787 537 noros
804 392 1094 535 auroram
1107 354 1225 539 'sau
1235 418 1459 517 unaue.
1487 462 1536 543 53
1711 492 1714 498 .
1812 398 1816 407 “

669 612 738 684 EX
751 615 780 684 P
793 615 819 685 L
833 616 852 685 Ι
864 616 929 688 CA
948 619 1010 689 Tl
1019 617 1054 687 0.

260 776 349 853 ω.
385 764 474 834 Cum
505 766 541 834 in
568 765 708 848 Statiea,
748 757 836 833 unde
866 770 989 838 virium
1012 761 1203 840 mensuram
1234 769 1425 856 haurimus,
1457 796 1532 841 cor·
1691 820 1700 839 „
1738 818 1742 825 ·

179 888 283 962 pora,
308 864 425 965 quibus
442 862 668 964 applicantur,
695 869 730 933 in
747 868 857 962 quiete
874 866 1149 966 confidercntur‚
1170 870 1256 943 nihil
1271 869 1349 942 inde
1367 856 1467 942 circa*
1479 899 1532 942 ea·
1554 954 1565 969 ,

178 990 259 1036 rum
274 959 476 1051 mensuram,
491 962 627 1065 quando
640 971 675 1035 in
689 989 834 1061 corpora
858 987 950 1038 rnota
977 976 1098 1066 agunt,
1138 968 1318 1061 definitur,
1347 977 1391 1043 ita
1418 992 1453 1043 ut
1476 972 1533 1044 illa
1631 1010 1638 1029 =

178 1062 337 1141 mensura
360 1073 396 1138 in
421 1069 622 1161 Meclqanica
638 1066 734 1137 nobis
758 1073 889 1165 integra
914 1067 1137 1169 relinquatur,
1190 1056 1696 1188 Concipiarnu'sergoFig010.

177 1175 294 1271 primo
314 1165 544 1268 pundlumleu
565 1165 809 1266 corpusculum
821 1175 856 1238 in
872 1171 894 1239 S
911 1167 1102 1270 quiescens,
1136 1172 1228 1271 quod
1252 1201 1269 1246 a
1288 1183 1321 1245 vi
1337 1171 1532 1276 quadam:

168 1268 412 1377 psollicitetur
424 1275 460 1342 in
486 1270 672 1345 diredlione
695 1272 763 1355 Se,
790 1290 890 1370 atque
916 1266 1055 1347 effedus
1078 1277 1114 1343 in
1137 1276 1204 1345 hoc
1227 1275 1400 1363 consrllet,
1431 1296 1467 1346 ut
1495 1270 1537 1347 id

176 1372 256 1445 dato
274 1369 485 1459 tempusculo
505 1371 551 1445 dt
573 1372 633 1471 per
649 1388 777 1442 certum
793 1366 975 1472 quodpiam
993 1371 1171 1475 spatiolum
1183 1379 1214 1467 ⁸S
1226 1399 1252 1448 a·
1271 1409 1309 1446 =
1334 1377 1393 1452 der
1406 1372 1529 1476 ‘profe-

175 1496 290 1561 ratur,
318 1471 411 1574 quod
425 1470 600 1574 quomodo
616 1468 758 1572 pendeat
773 1491 840 1543 tam
863 1480 929 1544 avi
948 1497 1085 1590 pquam
1108 1477 1353 1577 atempusenlo
1375 1481 1439 1568 dt,
1469 1476 1528 1550 de·
1642 1529 1649 1565 ,
1686 1570 1690 1577 Ι
1734 1556 1737 1561 ,

173 1583 291 1676 inceps
305 1573 514 1651 definiemus.
564 1579 631 1646 llic
649 1592 775 1645 tantum
794 1570 956 1671 observo,
980 1583 1006 1647 lr
1028 1573 1118 1646 idem
1147 1578 1385 1677 corpusculum
1408 1580 1675 1682 habeatFig.11.
1725 1656 1750 1669 ,,

172 1697 329 1763 motum,
341 1704 429 1776 ,quo
449 1676 657 1773 ternpusrulo
676 1677 702 1748 d
707 1697 723 1748 r
746 1670 989 1774 descripturum
1005 1671 1084 1749 ellet
1097 1672 1239 1773 spatium
1264 1684 1311 1751 sa
1333 1713 1373 1749 :z
1392 1681 1455 1767 ds,
1470 1674 1526 1752 ¹il·

176 1778 236 1853 lud
252 1799 325 1851 tum
340 1778 379 1850 ab
392 1779 520 1879 aequali
546 1785 579 1850 vi
599 1809 638 1847 =
646 1799 672 1879 p
695 1771 868 1848 sollicitari
893 1772 960 1849 elle
994 1774 1218 1877 censendum,
1237 1777 1373 1881 quaudo
1403 1777 1527 1871 eodem

149 1879 386 1981 'tempusculo
408 1880 456 1955 dt
481 1879 568 1950 ultra
598 1896 695 1979 sper
728 1877 864 1980 aequale
897 1875 1076 1977 spatiolum
1105 1899 1157 1950 sat
1183 1913 1222 1949 =
1244 1884 1303 1955 dra
1337 1879 1524 1981 profertur,

173 1980 338 2087 fiquidem
366 1987 414 2053 vis
437 2004 461 2083 p
488 1976 668 2055 secundum
695 1974 799 2077 ipsam
824 2001 935 2052 motus
968 1974 1190 2054 directionem
1218 1985 1266 2053 ss
1289 2003 1415 2084 urgeat.
1465 1987 1523 2059 sin

175 2105 289 2159 autem
313 2090 361 2155 vis
385 2090 420 2155 iu
442 2082 573 2184 plagam
595 2088 799 2153 contrariam
821 2108 861 2156 ur
886 2102 973 2170 eret,
1009 2085 1049 2155 ab
1075 2108 1179 2184 eaque
1202 2082 1440 2184 corpusculum
1465 2090 1674 2201 eo·Fjgl'12

128 2180 131 2185 ¹
175 2186 260 2261 dem'
286 2184 497 2285 tempusculo
525 2186 572 2260 dt
590 2209 651 2284 per
681 2181 818 2285 aequale
848 2109 1027 2282 {retiolum
1051 2210 1111 2268 ,se
1136 2216 1174 2253 =
1203 2185 1262 2259 do
1290 2185 1521 2286 repelleretur,

174 2309 248 2361 tum
265 2294 314 2360 vis
330 2287 377 2358 illi
392 2311 465 2389 :p
481 2280 624 2386 aequalis
638 2278 718 2356 effer
734 2281 920 2364 censenda,
964 2288 1163 2358 Generatim
1185 2306 1316 2374 autem,
1338 2284 1362 2358 fi
1385 2314 1522 2388 corpus·
1541 2298 1675 2400 Fig,1'3.

173 2390 289 2465 culum
304 2390 425 2461 habens
443 2406 594 2479 motum,
631 2412 700 2486 quo
717 2387 926 2487 tempusculo
945 2386 994 2461 dt
1013 2384 1254 2488 percussurum
1274 2383 1356 2461 ellet
1382 2385 1525 2488 spatium
1637 2436 1640 2441 ·

174 2498 223 2566 Ss
244 2524 283 2561 ε.-
299 2491 360 2586 ds,
389 2485 585 2562 sollicitetur
601 2513 619 2558 a
634 2494 667 2559 vi
685 2487 827 2589 quadarn
843 2480 1026 2563 seeundum
1042 2487 1265 2562 directionem
1293 2493 1365 2577 SV,
1390 2494 1452 2563 hac
1477 2489 1526 2565 ef·
1617 2496 1621 2513 “

172 2592 319 2681 ficietur,
333 2613 369 2662 ut
385 2588 495 2693 elapso
512 2588 722 2688 tempusculo
739 2591 767 2664 d
772 2613 788 2664 r
806 2590 1044 2760 corpusculum
1058 2618 1130 2664 non
1144 2597 1181 2661 in
1204 2620 1220 2662 s
1242 2587 1298 2663 sed
1321 2597 1356 2662 in
1379 2619 1407 2663 e·
1428 2619 1524 2691 repc-

172 2702 299 2779 riatur,
331 2699 376 2762 ita
401 2714 438 2763 ut
459 2689 549 2787 quasr
574 2716 644 2760 exs
673 2697 754 2758 ino·
775 2715 837 2786 per
880 2689 1044 2785 petiolum
1083 2718 1133 2763 se
1170 2688 1348 2760 dircdlioni
1379 2697 1428 2760 vis
1468 2697 1524 2764 SV

168 2792 369 2900 parallelum
388 2787 583 2883 translatum
599 2790 731 2885 concipi
746 2807 856 2886 queat,
881 2793 981 2860 etiam
1005 2786 1164 2860 srrevera
1188 2789 1232 2859 ob
1253 2790 1421 2861 atilionem
1442 2818 1526 2865 con·

170 2906 303 2970 tinuam
318 2917 356 2962 ex
374 2893 445 2963 Sin
459 2918 487 2964 r
500 2894 662 2988 perviam
679 2887 885 2986 aequabilem
899 2893 1112 2988 pervenerit,
1145 2916 1183 2960 ac
1205 2910 1277 2961 turn
1298 2889 1435 2965 demum
1467 2894 1524 2966 illa

169 3007 223 3071 vis
256 2997 311 3066 SV
336 2989 382 3063 illi
399 3015 438 3096 p,
466 3017 550 3092 quae
575 2988 666 3062 idem
693 2989 930 3089 corpusculum
952 2996 1102 3090 quietum
1135 2986 1346 3079 sollicitabat,
1378 2996 1523 3095 aequalis

170 3101 218 3175 eli
230 3091 409 3181 censenda,
422 3114 424 3118 ·
437 3095 596 3193 ειιιηᾸιΟο
611 3086 790 3190 spatiolum
809 3121 860 3167 se
882 3091 1017 3194 aequale
1033 3087 1136 3165 fuerit
1153 3091 1217 3195 illi·
1230 3096 1250 3166 S
1263 3121 1289 3167 c
1313 3094 1390 3196 (fig.
1407 3099 1473 3188 re.)

640 3295 858 3366 EXPLICA
874 3297 970 3369 ΠΟ.
1026 3318 1057 3373 2.

162 3436 165 3443 ⁵
272 3460 339 3540 ¹44·
370 3450 435 3517 Pro
463 3443 584 3516 viribus
606 3468 710 3542 ergo,
739 3442 857 3541 quibus
892 3468 1039 3540 corpora
1069 3448 1135 3536 jam
1169 3461 1262 3515 mota
1286 3442 1520 3537 sollicitantur,
1568 3436 1570 3440 Α

149 3554 257 3627 ¹hanc
285 3542 491 3620 demetiendi
515 3541 908 3628 rationemllabilimns,
933 3565 970 3615 ut
1005 3570 1058 3616 eas
1083 3545 1233 3644 aequales
1254 3544 1438 3639 judicemus
1471 3556 1521 3638 iis,

169 3679 253 3753 quae
269 3659 303 3722 in
320 3646 438 3720 iisdem
456 3647 652 3745 corporibus
673 3641 916 3745 quiescentibus
939 3643 1061 3718 eodem
1093 3668 1247 3745 tempore
1272 3646 1418 3723 eundem
1440 3644 1523 3721 effe·

169 3754 261 3824 etam
285 3746 390 3824 cllent
412 3748 642 3849 praedaturae.
693 3748 786 3818 Haec
814 3765 923 3817 autem
949 3753 1037 3820 ratio
1061 3775 1133 3820 non
1155 3745 1284 3848 indiget
1307 3754 1519 3851 probatione,

169 3863 246 3956 quia
263 3850 452 3926 definitioni
467 3856 640 3936 innititur,
666 3850 829 3949 nobisque
853 3844 961 3919 adhuc
981 3848 1126 3921 liberum
1151 3847 1278 3940 fuerat,
1302 3880 1376 3925 carn
1398 3853 1519 3926 confli-

126 3964 142 3987 ⁸
168 3976 274 4028 tuere.
326 3958 358 4025 Si
374 3960 464 4026 enirn
477 3978 541 4051 pro
556 3970 652 4022 motu
666 3974 868 4050 quocunque
886 3943 1022 4046 spatiola
1047 3975 1097 4024 se
1119 3950 1218 4053 (figg.
1241 3973 1289 4037 tt,
1307 3979 1356 4041 ra,
1374 3956 1433 4050 13),
1464 3982 1518 4045 ac,-

167 4058 279 4165 qualia
293 4052 417 4128 fuerint
447 4051 694 4153 spatiolo-Sc,
735 4077 795 4149 per
824 4047 918 4151 quod
957 4050 1050 4124 idem
1084 4051 1320 4152 corpusculum
1344 4053 1516 4155 quiescens

169 4156 379 4253 tempuscnlo
397 4152 519 4229 eodem
536 4150 742 4252 profertura
759 4159 790 4222 vi
805 4174 847 4254 p3
874 4154 953 4221 hnic
970 4162 1072 4225 etiam
1087 4155 1160 4226 illas
1182 4160 1269 4226 vires
1293 4158 1444 4258 aequales
1460 4186 1515 4257 ap·

167 4258 347 4363 pellamus,
374 4286 473 4357 quam
491 4258 679 4328 libertatem
694 4258 817 4326 rationi
836 4249 1092 4329 consentaneam
1109 4285 1151 4331 eo
1173 4256 1283 4328 minus
1307 4260 1404 4333 nobis
1425 4268 1515 4360 quis·
1580 4334 1584 4341 ,
1617 4298 1637 4327 .-
1706 4274 1710 4281 “

167 4388 270 4465 quarn
292 4358 438 4432 adimere
457 4358 582 4459 potest,
612 4384 691 4430 cum
710 4358 792 4428 haec
813 4353 1001 4456 appellatio.
1014 4387 1152 4461 quoque
1175 4384 1253 4439 urm
1275 4368 1447 4433 communi
1463 4358 1514 4430 lo·

168 4461 300 4570 quendi·
325 4486 422 4533 more
452 4464 639 4535 conveniat.
715 4462 844 4562 ¹Neque
870 4465 962 4531 enirn
981 4459 1112 4547 statuo,
1136 4454 1272 4534 eaedem
1289 4460 1516 4561 impulfioner,

853 4559 885 4630 G
914 4583 932 4653 3
1436 4589 1517 4662 quar
