4092 5134
692 437 697 445 ·
852 428 1179 533 ennena·
1493 456 1519 487 x
1627 510 1632 519 .

734 626 1160 782 CAPUT·
1193 628 1331 779 114
1393 636 1399 647 ’

532 824 1483 988 ὐΕιΝτΕκΝιεΜοτυε
1553 834 1556 841 ’

802 1026 1227 1119 PR1NCtP118.

840 1252 1124 1331 nummum:
1146 1276 1181 1346 9.
1236 1226 1248 1247 ⁰

432 1452 484 1528 75.
513 1363 662 1512 lucerna
685 1454 786 1515 motus
810 1441 972 1537 principia
1001 1432 1276 1533 c'ornpiet'iumur
1302 1435 1416 1504 omnia
1446 1454 1504 1519 ea,
1534 1455 1619 1534 quae
1649 1438 1686 1505 in
1729 1482 1738 1505 t

322 1534 407 1635 ¹ipiis
423 1533 620 1634 corporibus
643 1530 771 1622 insunt,
809 1541 843 1605 in
866 1534 986 1636 quibua
1008 1538 1096 1606 ratio
1121 1532 1317 1638 {irrequietis
1337 1534 1405 1611 stuc
1428 1552 1541 1604 motus
1564 1559 1687 1607 eorum

330 1633 713 1727 contineatur3excius1s
733 1638 888 1707 omnibus
908 1633 1009 1707 caulis
1028 1642 1182 1725 externis,
1201 1662 1286 1739 quae
1305 1643 1487 1739 quicquam
1501 1630 1549 1734 'ad
1565 1659 1685 1710 eorum

329 1759 466 1814 motum
487 1736 541 1811 vel
555 1743 704 1839 quietem
720 1734 877 1811 conferre
895 1755 1032 1840 queant.
1104 1742 1107 1747 ’
1672 1758 1682 1781 ·

811 1944 1031 2018 EXPLICA
1046 1945 1140 2021 Tro.
1173 1967 1203 2022 ι.

430 2153 494 2233 763
508 2144 596 2216 Cum
610 2149 763 2245 incapite
779 2142 1000 2245 praecedente
1015 2144 1158 2219 modum
1179 2132 1402 2245 exposuerim,
1428 2161 1560 2219 motum
1579 2144 1613 2213 in
1627 2160 1686 2243 ge·

328 2268 411 2320 nere
436 2243 619 2347 spet‘iatum
639 2245 679 2318 ad
706 2246 870 2319 calculum
891 2246 1095 2347 reuocandi,
1117 2274 1207 2320 nunc
1229 2254 1265 2319 iu
1289 2252 1359 2339 ejus
1385 2243 1500 2318 causas>
1514 2249 1687 2345 inquirere

328 2353 460 2421 anitnus
477 2347 536 2424 est.
587 2352 666 2422 Sive
682 2348 773 2420 enim¹
793 2374 916 2448 corpus
931 2347 1097 2453 quiescat,
1122 2347 1190 2422 five
1207 2367 1406 2436 moveatur,
1432 2346 1501 2421 five
1523 2352 1688 2448 inquiete

327 2445 542 2550 perseveret,
565 2446 634 2523 srve
660 2470 797 2523 motum
820 2456 974 2553 accipiat,
999 2478 1145 2553 eumque
1167 2446 1478 2553 quomodocunque
1498 2454 1687 2537 continuet,

310 2553 413 2624 ¹haec
442 2553 674 2652 phaenomena
703 2579 721 2623 a
737 2552 952 2653 certichausrs
968 2553 1229 2656 proficiscantur
1244 2545 1387 2647 neceffe,
1403 2552 1458 2627 eu.
1512 2546 1685 2651 Quicquid

330 2647 457 2725 scilicet
472 2659 666 2750 incorpore
681 2660 812 2747 ratione
828 2674 939 2726 motus
954 2656 1009 2729 vcl
1025 2661 1144 2754 quictis
1161 2656 1347 2750 contingit,
1373 2648 1409 2721 id
1423 2672 1550 2723 temere
1566 2678 1603 2721 ac
1613 2650 1685 2723 fine

329 2750 398 2824 ulla
424 2760 556 2824 ratione
584 2752 679 2838 ficri,
706 2753 802 2823 nulio
833 2750 940 2823 modo
972 2754 1067 2825 ssatui
1089 2752 1204 2849 potest,
1257 2754 1486 2850 Quaecunque
1506 2770 1620 2821 autem
1643 2747 1685 2823 su

328 2859 420 2927 ratio
454 2878 510 2940 ea,
537 2851 592 2922 uel
616 2845 751 2951 inipso
782 2878 949 2952 corpore,
976 2851 1109 2954 dequo
1133 2856 1325 2954 quaeritur,
1364 2849 1441 2924 infit
1470 2846 1600 2924 ueceffc
1625 2849 1686 2950 cst,

329 2950 386 3027 vel
402 2970 492 3026 extra
509 2949 543 3025 id
558 2951 596 3025 su
633 2949 817 3053 tuerenda3
850 2952 939 3027 unde
956 2952 1024 3029 duo
1040 2980 1164 3054 genera
1178 2955 1445 3054 principiorum,
1471 2954 1591 3055 quibus
1606 2960 1682 3025 uto·

286 3068 289 3075 '
328 3074 381 3128 tus
407 2979 805 3156 corporumiefiniatur,
833 3057 990 3129 constitui
1009 3052 1149 3144 debent,
1176 3081 1323 3159 quorum
1344 3053 1400 3129 illa
1426 3063 1572 3152 interm,
1599 3056 1683 3127 hacc

326 3183 412 3230 uero
436 3177 568 3230 externa
590 3156 774 3257 appellabo.
835 3154 889 3229 nd
909 3168 1039 3233 interna
1056 3154 1184 3230 scilicet
1204 3152 1339 3242 refero,
1370 3153 1529 3259 quicquid
1551 3161 1588 3229 iu
1605 3152 1700 3255 ipfia'

326 3258 526 3360 corporibus
551 3259 653 3344 inest,
679 3262 714 3330 in
736 3282 806 3360 qno
828 3264 914 3330 ratio
932 3256 999 3330 five
1021 3278 1134 3331 motus
1151 3257 1218 3330 five
1233 3263 1354 3357 quietis
1370 3282 1491 3329 eorum
1512 3262 1683 3330 continea-

326 3380 401 3450 tur3
428 3385 514 3460 quae
527 3377 639 3431 autem
655 3360 857 3431 extrinsecus
872 3365 914 3431 ita
931 3363 1128 3458 incorpora
1146 3377 1269 3461 agunt,
1301 3376 1338 3430 ut
1355 3382 1476 3430 eorum
1498 3350 1597 3429 ssatus
1613 3355 1683 3429 five
1762 3402 1779 3415 --

326 3478 442 3535 motus
463 3458 529 3532 srve
553 3466 675 3560 quictis
697 3458 877 3550 afficiatur,
899 3485 936 3533 ea
952 3459 992 3532 ad
1014 3466 1180 3562 principia
1195 3480 1309 3533 motus
1322 3480 1455 3535 extenta
1476 3476 1576 3533 eruut
1592 3455 1682 3532 refe-

323 3559 440 3636 renda.
492 3564 580 3632 Cum
596 3580 704 3633 autern
723 3565 900 3635 inmundo
920 3569 1035 3634 omnia
1057 3588 1202 3663 corpora
1231 3556 1480 3665 quaquaversus
1504 3560 1574 3636 aliis
1597 3586 1681 3633 con·

310 3671 509 3765 tingantur,
531 3662 774 3764 arctiffimoque
795 3691 883 3736 nexu
903 3668 991 3736 inter
1013 3660 1046 3736 se
1070 3673 1337 3765 conjungantur,
1359 3669 1395 3733 in
1418 3663 1486 3735 hoc
1503 3663 1683 3763 complexu

326 3771 522 3867 neutiquam
538 3761 728 3837 discernere
745 3764 873 3854 licebit,
898 3762 980 3866 quid
1002 3771 1174 3866 principiis
1197 3756 1264 3838 siue
1290 3768 1434 3838 externis
1456 3761 1524 3836 five
1543 3762 1681 3837 internis

326 3863 466 3941 seorsim
482 3864 522 3938 fit
541 3867 765 3940 tribuendum.
818 3869 931 3953 Quare
947 3895 991 3940 ne
1008 3873 1045 3938 in
1065 3870 1128 3939 hac
1150 3867 1403 3968 investigatione
1420 3862 1681 3954 confundamur,

325 3987 441 4041 mente
457 3962 573 4040 saltem
591 3992 673 4068 opus
689 3974 768 4057 erit,
794 3974 909 4040 omnia
928 3992 1073 4067 corpora
1096 3968 1275 4042 atubicutia
1297 3963 1449 4043 emedio
1471 3965 1614 4054 tollere,
1642 3988 1681 4043 ut

326 4066 381 4155 id,
410 4064 452 4139 de
467 4092 540 4168 quo
552 4074 742 4170 quaeritur,
767 4068 858 4170 quaii
877 4065 1063 4143 solitarium
1079 4070 1305 4172 relinquatur:
1336 4088 1436 4171 atque
1458 4066 1523 4141 tale
1544 4082 1682 4170 corpus²

326 4170 396 4243 siue
417 4164 567 4243 fueritin
582 4178 694 4273 quiete
709 4169 776 4243 siue
794 4176 830 4257 in
846 4190 961 4261 motu,
984 4170 1162 4276 quomodo
1176 4171 1333 4275 deinceps
1358 4167 1392 4243 sc
1415 4168 1455 4243 nt
1476 4169 1679 4254 hab'immm,

317 4275 393 4367 ¹crit
406 4268 668 4368 explorandum
699 4274 848 4377 hincque
870 4294 982 4348 motus
1001 4279 1170 4381 principia
1193 4281 1326 4353 interna
1341 4264 1612 4381 cognoscemus,
1638 4270 1681 4343 ab

326 4376 476 4450 externis
497 4367 640 4472 sollicite
655 4371 895 4479 distinguenda.
965 4458 967 4463 ,
1130 4388 1135 4397 ·
1407 4366 1450 4423 ’·””
1514 4372 1590 4405 ·’“··“·
1671 4396 1680 4421 ⁶

926 4540 1046 4671 ,ὴ

979 4818 1006 4859 ἰε
