4092 5134
950 308 1378 439 ronanam.

478 548 663 645 conditio
681 540 789 634 salva
806 557 968 633 manetz
999 534 1100 625 alias
1117 531 1171 623 ad
1187 531 1314 623 aliam
1331 559 1558 653 corporum
1575 533 1740 627 classem
1753 539 1853 631 esset
1891 514 1894 519 ⁴

475 695 763 807 referendum,
795 664 977 810 quorum
997 708 1140 775 motus
1159 682 1327 775 hicnon
1345 683 1549 774 definitur.
1625 682 1767 779 Nihilo
1786 713 1879 793 taff·
1929 782 1931 787 ⁴

479 853 731 971 menminus
748 841 955 960 ejusmodi
969 866 1123 953 corpus
1136 834 1390 923 infinitorum
1405 859 1598 925 motuum
1618 836 1677 926 est
1698 868 1851 956 capax.

479 1000 594 1092 Inter
607 1026 753 1109 omnes
767 996 844 1085 hos
859 1012 1000 1085 motus
1016 984 1457 1113 isflestfimpliciffirnun
1475 1018 1560 1105 quo
1583 988 1738 1104 singula
1758 1024 1853 1081 eor·

481 1153 595 1266 poris
610 1147 760 1264 puniia
772 1143 997 1235 secundum
1016 1130 1261 1225 direfflones
1276 1141 1383 1224 inoer
1400 1132 1437 1222 se
1449 1134 1665 1252 parallelas
1680 1142 1852 1255 paribus
1868 1128 1881 1225 ζ
1917 1186 1920 1191 ·

480 1300 763 1413 caieritatibus
785 1298 936 1417 quovis
959 1286 1162 1403 temporis
1182 1308 1400 1375 momento
1422 1308 1748 1401 promoventur,
1779 1294 1852 1406 qui

397 1452 401 1459 ’
480 1472 623 1545 motus
632 1448 900 1566 progreffivus
921 1466 1050 1558 purus
1076 1434 1159 1521 dici
1180 1431 1289 1525 solet.
1376 1434 1462 1523 Hic
1488 1457 1630 1527 motus
1651 1436 1856 1557 tanquam·

441 1660 451 1677 ,
480 1596 810 1717 fimpliciffimus‚
856 1596 976 1707 cujus
996 1586 1138 1677 omnia
1157 1613 1336 1701 corpora
1356 1582 1446 1671 sunt
1465 1590 1654 1702 capacia,
1694 1591 1854 1705 primus

480 1767 574 1841 erat
598 1740 930 1834 considerandus.
1016 1740 1171 1835 Servat
1191 1762 1365 1853 corpus,
1395 1738 1481 1824 ¹cui
1500 1733 1623 1827 semel
1645 1738 1855 1850 ejusmodi

481 1916 625 1987 motus
638 1891 697 1981 est
711 1887 945 2008 impreisus,
975 1886 1158 1981 eundem
1169 1914 1256 1975 non
1277 1906 1441 1983 tantum
1463 1890 1519 1975 ob
1546 1889 1758 1997 inertiam,
1787 1890 1855 1979 sed
1908 1930 1912 1937 ·

484 2067 626 2137 morus
639 2071 807 2160 quoque
819 2040 1095 2158 progreffivus
1118 2064 1247 2157 purus
1267 2065 1352 2123 non
1375 2025 1583 2149 turbatur,
1625 2038 1860 2157 ficorporis,
1895 2074 1925 2137 ·,

415 2242 417 2247 -
486 2194 560 2293 tali
576 2212 695 2280 motu
708 2191 780 2279 lati
801 2186 956 2302 slng'ula
976 2187 1184 2279 elementa
1207 2188 1385 2298 viribus,
1421 2218 1528 2305 quae
1549 2186 1683 2277 maffis
1708 2218 1858 2279 eorum

487 2345 578 2439 funt
591 2334 941 2467 proportionales,
968 2334 1195 2425 secundum
1208 2334 1454 2427 daeiiiones
1467 2341 1575 2423 inter
1587 2334 1626 2422 se
1640 2336 1859 2455 parallelas

486 2494 761 2587 sollicitantur.
817 2488 930 2579 Tum
943 2512 1047 2573 vero
1064 2482 1093 2569 fi
1108 2511 1262 2603 corpus
1275 2488 1323 2575 fit
1335 2484 1515 2604 rigidum
1527 2482 1714 2600 affignari
1726 2487 1863 2605 potest

274 2732 277 2745 .
393 2738 395 2743 .
488 2632 613 2736 nnica
645 2649 709 2737 vis
725 2639 919 2753 omnibus
943 2629 1022 2719 illis
1036 2633 1319 2747 aequivalenS,
1340 2637 1461 2749 cujus
1485 2632 1654 2727 direiiio
1673 2667 1748 2757 per
1762 2660 1880 2731 cen-'

490 2816 605 2887 mun
623 2788 836 2908 gravitatis
851 2780 918 2871 seu
931 2785 1103 2879 inertiae
1116 2781 1270 2871 tranfit.
1354 2784 1481 2879 Unde
1495 2785 1686 2900 vicimo,
1716 2791 1862 2883 ficor.

491 2946 585 3063 pori
598 2936 732 3055 rigido
746 2939 790 3021 in
803 2952 946 3018 centro
958 2932 1130 3017 inertiae
1139 2928 1344 3048 applicata
1357 2932 1483 3035 fuerit
1491 2935 1558 3040 vis
1570 2906 1864 3059 quaecunque,

493 3118 545 3185 ea
557 3084 670 3204 quafi
687 3114 761 3203 per
775 3084 916 3173 omnia
931 3081 1118 3195 corporis
1130 3075 1337 3171 elementa
1350 3080 1485 3185 maffia
1503 3090 1865 3200 proportionaliter

497 3236 707 3335 distributa
725 3231 970 3321 considerari
985 3229 1158 3345 poterit,
1187 3249 1314 3345 atque
1328 3232 1384 3317 ob
1400 3231 1864 3347 aequivalentiameffe-

495 3386 587 3477 arus
606 3389 649 3471 in
669 3402 790 3471 motu
808 3375 1015 3475 turbando
1036 3377 1384 3494 eruntnequales.
1473 3381 1595 3471 Haec
1615 3382 1724 3504 sunt,
1755 3424 1865 3512 quae
1926 3392 1929 3399 ’

497 3534 646 3651 Capite
662 3527 831 3621 qufius
851 3525 1193 3619 demonstrantur·
1249 3528 1336 3621 Ubi
1365 3532 1553 3650 inprimis
1581 3544 1716 3629 notari
1731 3573 1867 3634 mere-

497 3702 586 3791 tur,
617 3675 730 3795 quod
744 3675 1118 3797 per'principiahic
1133 3674 1327 3792 stabilita,
1357 3689 1521 3793 omnia,
1555 3717 1662 3804 quae
1678 3690 1731 3778 de
1745 3716 1866 3789 motu
1906 3780 1908 3784 ,

500 3825 750 3945 punaorum
763 3830 1025 3945 inprioribus
1041 3829 1100 3941 de·
1111 3826 1355 3929 Mechanica
1367 3830 1480 3921 libris
1496 3834 1587 3925 sunt
1603 3837 1765 3950 tradita,
1788 3870 1869 3957 pro

499 3999 619 4069 motu
633 3977 884 4094 progreffivo
908 4006 1134 4093 corporum
1153 3978 1382 4094 rigidorum
1399 3981 1578 4075 valeant.
1647 3986 1772 4100 Quae
1793 3995 1871 4081 ita·

499 4154 583 4246 que
597 4156 696 4215 eum
710 4132 751 4217 in
766 4127 804 4217 se
819 4131 941 4217 nimis
956 4125 1104 4217 sterilia
1118 4125 1260 4218 multis
1277 4131 1409 4221 videri
1427 4133 1606 4250 poffent,
1644 4166 1756 4229 nuno
1782 4171 1872 4231 arn·

505 4274 722 4395 pliffimum
734 4276 851 4371 usum
860 4277 1083 4393 habebunt,
1105 4309 1204 4373 cum
1220 4313 1273 4374 eo
1285 4279 1519 4377 universum
1532 4313 1664 4401 genus
1678 4316 1874 4393 motuum

1775 4476 1887 4591 pro-t
