4092 5134
378 352 381 357 ’
442 356 566 495 'un
594 388 1194 539 rurunursuorus
1222 332 1579 516 rumonus,
1662 443 1705 533 33

353 588 499 685 dubitari
512 603 645 700 nequit,
665 600 808 672 lnte'riu't
824 605 912 674 circa
931 594 1126 695 hujusmodi
1142 592 1264 700 corpus
1281 596 1418 673 dubium
1436 609 1569 677 moveri
1585 607 1704 704 potest,

354 700 446 809 quod
469 697 613 777 fortalle,
628 707 697 796 ejus
720 721 832 802 partes
858 699 917 776 etsi
940 697 1129 802 quiescant,
1156 705 1192 771 in
1216 698 1250 775 se
1273 722 1395 774 mutuo
1416 724 1531 803 agant,
1558 726 1705 779 motum.

352 831 420 909 que
437 802 605 877 excitent:
634 800 689 875 sed
706 805 774 877 hoc
793 811 895 877 etiam
913 795 1104 875 concessum
1117 801 1201 873 nihil
1218 825 1335 876 contra
1355 810 1485 878 axioma
1500 804 1597 896 facit,
1622 806 1706 884 dum

352 934 424 985 non
441 902 551 980 solum
571 922 682 978 totum
700 900 902 1005 corpus,sed
916 910 1018 977 etiam
1035 900 1176 1004 lingulae
1193 912 1263 1000 ejus
1280 906 1448 1007 pat·tee,ab
1464 914 1557 980 otuui
1573 910 1706 987 adlioue

328 1030 490 1107 ,externa
513 1009 710 1080 liberamus:
736 1097 739 1105 Ι
763 1027 795 1078 at
821 1033 863 1080 ue
884 1006 980 1079 nobis
1005 1000 1140 1093 suffieit,
1172 1012 1306 1079 axioma
1329 1010 1395 1079 hoc
1415 1004 1510 1081 sensu
1532 1006 1704 1103 admisrlle,

312 1178 314 1185 .
352 1131 390 1203 ut
409 1108 525 1184 saltem
543 1135 660 1182 omues
678 1035 859 1208 particillae
881 1132 1069 1206 corporum
1088 1111 1249 1199 minimae
1264 1107 1481 1213 quiescentes,
1491 1104 1653 1214 quatenus
1670 1122 1707 1193 iu

352 1209 388 1289 se
405 1218 557 1321 invicem
574 1237 647 1285 nou
662 1228 784 1311 agunt,
811 1214 971 1312 inquiete
987 1206 1167 1309 perfillant.

863 1364 1195 1438 scuorrou.
1293 1318 1296 1331 ’

343 1600 346 1607 Ι
457 1526 515 1605 84.
540 1513 633 1614 Quae
651 1512 704 1586 lex
718 1514 773 1587 hic
792 1518 880 1587 cirea
896 1516 1047 1615 quietem
1062 1498 1247 1584 absolutam
1270 1509 1317 1587 cll
1338 1507 1474 1607 sancita,
1510 1522 1705 1620 neutiquam

353 1612 397 1690 ad
423 1625 572 1716 quietem
590 1610 807 1717 respedlivam
828 1612 963 1688 extendi
985 1614 1103 1714 potest,
1162 1614 1198 1683 Si
1223 1618 1315 1683 cuim
1331 1643 1465 1716 eorpus,
1490 1626 1581 1713 cujus
1597 1617 1656 1692 res
1672 1648 1708 1694 e.

343 1717 413 1799 ¹diu
437 1730 501 1789 cor
521 1710 677 1793 uacitlirm
698 1716 807 1790 adhuc
821 1722 1009 1819 quieverat,
1033 1711 1145 1789 subito
1160 1718 1461 1805 concutiatur‚hoc
1480 1744 1551 1791 non
1567 1646 1707 1821 amplus

356 1824 426 1915 ejus
447 1744 599 1920 redediu
615 1824 650 1892 in
664 1826 777 1920 quiete
792 1816 1012 1920 permanebit.
1069 1818 1176 1919 Finge
1192 1814 1333 1917 globum
1358 1815 1457 1920 super
1474 1816 1582 1893 tabula
1597 1828 1710 1921 jacen·
1784 1896 1789 1915 ,

355 1939 427 1994 tem
450 1926 488 1993 iu
515 1926 592 1994 navi
619 1917 836 1997 uniformiter
862 1915 1125 2023 progrediente,
1154 1923 1214 2020 qui
1234 1913 1387 2020 respedlu
1412 1926 1506 1997 naris
1533 1928 1650 2026 utique
1673 1931 1711 1999 in

380 2028 470 2096 uiete
484 2019 728 2121 perseverabit;
754 2029 904 2097 irruente
922 2040 1034 2094 autem
1047 2025 1124 2094 navi
1139 2022 1176 2092 in
1192 2015 1367 2121 scopulum
1385 2020 1470 2109 llaec
1489 2029 1583 2127 quies
1597 2021 1710 2127 respe-

356 2050 444 2204 dtiva
468 2121 577 2197 subito
601 2119 754 2225 cellabit,
777 2124 963 2227 globusque
989 2119 1142 2224 respet'lu
1163 2125 1257 2194 navia
1281 2145 1413 2200 motum
1436 2132 1622 2227 concipiet,
1648 2133 1710 2200 eti·

336 2286 339 2293 .
357 2224 438 2299 arnli
458 2222 526 2325 ipsc
540 2224 667 2300 nullam
682 2223 812 2301 causam
830 2246 1000 2299 externam
1015 2221 1119 2299 fuerit
1137 2218 1254 2324 pallus.
1309 2222 1506 2301 Neceffario
1525 2254 1609 2330 ergo
1625 2230 1711 2303 haec

357 2325 413 2403 lex
449 2323 668 2431 ad-quietem
703 2325 887 2402 absolutam
924 2325 1159 2428 adstringitur,
1205 2341 1343 2401 etcum
1375 2329 1429 2403 lex
1449 2328 1491 2403 srt
1517 2324 1710 2427 necessaria,

357 2435 460 2506 etiam
475 2428 595 2504 relatio
613 2458 799 2534 corporum
812 2427 854 2503 ad
870 2427 985 2502 locum
1000 2430 1211 2533 quempiam,
1237 2451 1340 2528 quem
1362 2449 1549 2532 occupent,
1577 2430 1625 2507 eil
1650 2459 1709 2507 ue·

340 2598 349 2607 ..
358 2525 503 2607 cetiaria.
546 2530 681 2608 Scilicet
703 2561 782 2609 curn
803 2533 887 2607 haec
908 2529 962 2606 lex
1007 2536 1103 2605 uictis
1125 2522 1407 2630 perseverantiam
1428 2538 1464 2607 in
1482 2529 1605 2608 eodem
1631 2533 1710 2608 loco

357 2641 498 2723 innuat,
525 2632 559 2705 id
575 2633 670 2709 aliter
683 2636 746 2725 nifi
761 2632 803 2707 de
822 2632 901 2707 leco
913 2556 1068 2706 absoluto
1085 2636 1299 2728 interpretari
1320 2660 1392 2708 non
1414 2632 1512 2722 licet,
1536 2633 1629 2706 locus
1653 2661 1710 2706 au·

358 2755 430 2809 tem
444 2732 610 2806 absolutus
626 2761 686 2831 per
706 2735 862 2805 ordinem
880 2740 969 2803 inter
986 2732 1197 2804 coe'xillentia
1211 2728 1345 2805 deliniri
1368 2738 1507 2835 nequit,
1529 2738 1606 2837 quia
1630 2734 1713 2809 alio·

359 2841 444 2940 quin
469 2834 579 2911 nollra
596 2833 650 2906 lex
668 2828 708 2906 ad
724 2839 870 2939 quietem
886 2826 1108 2933 respedliram
1124 2824 1375 2907 extenderetur.

835 2982 1235 3082 Artaua¹3

463 3147 511 3227 85.
537 3133 691 3240 Corpus,
716 3136 810 3314 puori
836 3133 985 3212 absolute
1014 3154 1194 3235 moretur,
1224 3130 1251 3210 fi
1283 3132 1370 3213 nulli
1404 3082 1716 3213 externae—adriani

361 3232 576 3333 subjiciatur,
619 3237 720 3316 secun

321 3386 344 3463 -ζ
362 3336 460 3444 gredi
485 3332 615 3442 perget.

744 3266 815 3355 um·
841 3236 984 3316 eandem
1027 3237 1254 3314 direttionem
1296 3256 1396 3313 motu
1426 3236 1601 3342 aequabili·
1633 3264 1716 3343 pro·¹

847 3488 1174 3569 arcticum.
1197 3507 1225 3570 r.

342 3720 348 3731 ,
378 3646 388 3657 “
466 3644 521 3730 86.
547 3642 627 3715 Hoc
647 3643 778 3721 axioma
813 3628 939 3747 ¹noque
969 3636 1012 3717 de
1035 3640 1204 3744 particulis
1234 3665 1419 3745 corporum
1442 3640 1603 3739 miniiuis,
1626 3635 1718 3742 quali

364 3669 1003 3848 pundlir,proprieellintelligeudum,
1021 3748 1240 3848 nequeenim
1263 3741 1305 3818 de
1330 3744 1526 3844 corporibus
1548 3747 1716 3843 magnitu-

365 3842 443 3933 djue
457 3842 615 3947 praeditis
630 3849 730 3937 valet,
756 3845 818 3921 nili
833 3874 952 3922 ornnes
991 3846 1149 3919 articulae
1166 3852 1239 3946 pari
1252 3846 1419 3920 celeritate
1436 3842 1620 3927 secundum
1641 3868 1718 3916 cau·

366 3944 445 4021 dem
462 3946 683 4024 diredlionem
699 3968 930 4027 moveanturt·
950 3873 990 4021 l
1010 3951 1103 4022 eninr
1122 3954 1222 4021 initio
1244 3946 1297 4020 vel
1320 3952 1393 4021 inae
1418 3947 1508 4021 ualet
1531 3945 1717 4019 celeritates

355 4048 423 4121 'vel
446 4044 629 4125 secundun
651 4046 797 4126 diversas
828 4050 1032 4126 dircdliones
1058 4042 1273 4150 accepissent,
1303 3975 1450 4152 singulae
1470 4042 1720 4152 particulae'ue

368 4167 502 4238 motum
520 4155 611 4227 hunc
626 4152 764 4258 quidem
780 4148 981 4228 conservare
996 4145 1140 4254 pollent,
1189 4155 1248 4224 uin
1267 4176 1285 4223 a
1301 4146 1334 4227 le
1350 4157 1496 4227 invicem
1511 4146 1717 4251 dillipentur,

369 4269 405 4327 et
433 4259 585 4354 corporis
609 4282 788 4361 compages
808 4250 1013 4332 dillblvatur.
1080 4179 1188 4351 Quod

367 4353 395 4429 ii
411 4357 815 4458 omniumparrtcularum
837 4356 1025 4435 celeritates
1041 4350 1145 4430 suerit
1161 4355 1333 4460 aequales,
1358 4363 1393 4431 in
1410 4354 1616 4457 eandemque
1630 4347 1720 4420 dire·

308 4448 322 4469 ⁸
368 4454 690 4565 dionemtendant,
716 4462 949 4569 vellicorpua
967 4464 1010 4564 ita
1025 4453 1129 4638 fitergt
1143 4464 1320 4564 exiguum,
1344 4462 1437 4563 utin
1450 4456 1591 4567 cottalis
1614 4443 1723 4570 dispa-

769 4604 777 4613 --
1618 4567 1725 4629 'rtttt

1205 4270 1315 4335 autem
1335 4282 1408 4330 non
1429 4254 1475 4330 ell
1490 4248 1719 4334 metuendum,
1844 4290 1860 4299 ν
