<?xml version="1.0" encoding="UTF-8"?>
<!DOCTYPE html PUBLIC "-//W3C//DTD XHTML 1.0 Transitional//EN"
    "http://www.w3.org/TR/xhtml1/DTD/xhtml1-transitional.dtd">
<html xmlns="http://www.w3.org/1999/xhtml" xml:lang="en" lang="en">
 <head>
  <title>
</title>
<meta http-equiv="Content-Type" content="text/html;charset=utf-8" />
  <meta name='ocr-system' content='tesseract 3.04.00' />
  <meta name='ocr-capabilities' content='ocr_page ocr_carea ocr_par ocr_line ocrx_word'/>
</head>
<body>
  <div class='ocr_page' id='page_1' title='image "./theoriamotvscor00eulegoog/theoriamotvscor00eulegoog_0410.png"; bbox 0 0 4092 5134; ppageno 0'>
   <div class='ocr_carea' id='block_1_1' title="bbox 452 410 1693 541">
    <p class='ocr_par' dir='ltr' id='par_1_1' title="bbox 452 410 1693 541">
     <span class='ocr_line' id='line_1_1' title="bbox 452 410 1693 541; baseline 0.016 -43"><span class='ocrx_word' id='word_1_1' title='bbox 452 410 662 499; x_wconf 69' lang='lat' dir='ltr'>MUFUS</span> <span class='ocrx_word' id='word_1_2' title='bbox 683 412 1007 499; x_wconf 87' lang='lat' dir='ltr'>&#39;TURBlNUM</span> <span class='ocrx_word' id='word_1_3' title='bbox 1036 412 1210 509; x_wconf 87' lang='lat' dir='ltr'>SUPER</span> <span class='ocrx_word' id='word_1_4' title='bbox 1237 415 1437 511; x_wconf 76' lang='lat' dir='ltr'>PLANO</span> <span class='ocrx_word' id='word_1_5' title='bbox 1478 424 1582 511; x_wconf 82' lang='lat' dir='ltr'>&amp;c-</span> <span class='ocrx_word' id='word_1_6' title='bbox 1623 448 1693 541; x_wconf 77' lang='lat'>385</span> 
     </span>
    </p>
   </div>
   <div class='ocr_carea' id='block_1_2' title="bbox 330 598 1689 707">
    <p class='ocr_par' dir='ltr' id='par_1_2' title="bbox 330 598 1689 707">
     <span class='ocr_line' id='line_1_2' title="bbox 330 598 1689 707; baseline 0.003 -34"><span class='ocrx_word' id='word_1_7' title='bbox 330 600 408 673; x_wconf 86' lang='lat' dir='ltr'>ell:</span> <span class='ocrx_word' id='word_1_8' title='bbox 437 619 550 671; x_wconf 85' lang='lat' dir='ltr'>motus</span> <span class='ocrx_word' id='word_1_9' title='bbox 571 602 709 673; x_wconf 75' lang='lat' dir='ltr'>turbinis</span> <span class='ocrx_word' id='word_1_10' title='bbox 732 604 923 701; x_wconf 67' lang='lat' dir='ltr'>geratorins</span> <span class='ocrx_word' id='word_1_11' title='bbox 949 607 1106 699; x_wconf 84' lang='lat' dir='ltr'>perennis</span> <span class='ocrx_word' id='word_1_12' title='bbox 1129 598 1194 677; x_wconf 87' lang='lat' dir='ltr'>else</span> <span class='ocrx_word' id='word_1_13' title='bbox 1219 614 1358 707; x_wconf 87' lang='lat' dir='ltr'>nequit,</span> <span class='ocrx_word' id='word_1_14' title='bbox 1386 610 1446 683; x_wconf 87' lang='lat' dir='ltr'>uifi</span> <span class='ocrx_word' id='word_1_15' title='bbox 1473 610 1569 685; x_wconf 85' lang='lat' dir='ltr'>valor</span> <span class='ocrx_word' id='word_1_16' title='bbox 1587 620 1689 687; x_wconf 86' lang='lat' dir='ltr'>mini.</span> 
     </span>
    </p>
   </div>
   <div class='ocr_carea' id='block_1_3' title="bbox 328 698 1688 825">
    <p class='ocr_par' dir='ltr' id='par_1_3' title="bbox 328 698 1688 825">
     <span class='ocr_line' id='line_1_3' title="bbox 328 698 1688 825; baseline 0.013 -52"><span class='ocrx_word' id='word_1_17' title='bbox 328 726 408 773; x_wconf 82' lang='lat' dir='ltr'>tum</span> <span class='ocrx_word' id='word_1_18' title='bbox 422 700 518 825; x_wconf 84' lang='lat' dir='ltr'>ipsius</span> <span class='ocrx_word' id='word_1_19' title='bbox 535 725 559 803; x_wconf 84' lang='lat' dir='ltr'>p</span> <span class='ocrx_word' id='word_1_20' title='bbox 575 700 682 773; x_wconf 88' lang='lat' dir='ltr'>adhuc</span> <span class='ocrx_word' id='word_1_21' title='bbox 704 698 807 774; x_wconf 87' lang='lat' dir='ltr'>fuerit</span> <span class='ocrx_word' id='word_1_22' title='bbox 829 709 936 795; x_wconf 81' lang='lat' dir='ltr'>major</span> <span class='ocrx_word' id='word_1_23' title='bbox 958 728 1059 800; x_wconf 89' lang='lat' dir='ltr'>quam</span> <span class='ocrx_word' id='word_1_24' title='bbox 1082 702 1168 775; x_wconf 81' lang='lat' dir='ltr'>linus</span> <span class='ocrx_word' id='word_1_25' title='bbox 1191 710 1303 809; x_wconf 83' lang='lat' dir='ltr'>anguli</span> <span class='ocrx_word' id='word_1_26' title='bbox 1324 710 1400 793; x_wconf 72' lang='lat' dir='ltr'>le.</span> <span class='ocrx_word' id='word_1_27' title='bbox 1451 712 1564 808; x_wconf 70' lang='lat' dir='ltr'>Quare</span> <span class='ocrx_word' id='word_1_28' title='bbox 1577 716 1688 815; x_wconf 84' lang='lat' dir='ltr'>pofito</span> 
     </span>
    </p>
   </div>
   <div class='ocr_carea' id='block_1_4' title="bbox 327 798 1214 987">
    <p class='ocr_par' dir='ltr' id='par_1_4' title="bbox 327 798 1214 987">
     <span class='ocr_line' id='line_1_4' title="bbox 327 798 1214 987; baseline -0.009 -61"><span class='ocrx_word' id='word_1_29' title='bbox 327 854 374 939; x_wconf 71' lang='lat' dir='ltr'>fin</span> <span class='ocrx_word' id='word_1_30' title='bbox 391 852 504 925; x_wconf 78' lang='lat' dir='ltr'>lFl:</span> <span class='ocrx_word' id='word_1_31' title='bbox 520 856 570 938; x_wconf 78' lang='lat' dir='ltr'>l,</span> <span class='ocrx_word' id='word_1_32' title='bbox 602 847 700 926; x_wconf 87' lang='lat' dir='ltr'>debet</span> <span class='ocrx_word' id='word_1_33' title='bbox 724 846 788 925; x_wconf 87' lang='lat' dir='ltr'>else</span> <span class='ocrx_word' id='word_1_34' title='bbox 811 868 840 922; x_wconf 86' lang='lat' dir='ltr'>tt</span> <span class='ocrx_word' id='word_1_35' title='bbox 856 861 895 936; x_wconf 87' lang='lat'>&gt;</span> <span class='ocrx_word' id='word_1_36' title='bbox 917 798 1214 987; x_wconf 51' lang='grc' dir='ltr'><em>Ἣ</em></span> 
     </span>
    </p>
   </div>
   <div class='ocr_carea' id='block_1_5' title="bbox 810 1060 1220 1141">
    <p class='ocr_par' dir='ltr' id='par_1_5' title="bbox 810 1060 1220 1141">
     <span class='ocr_line' id='line_1_5' title="bbox 810 1060 1220 1141; baseline 0.017 -8"><span class='ocrx_word' id='word_1_37' title='bbox 810 1060 1220 1141; x_wconf 65' lang='lat' dir='ltr'>seductores.</span> 
     </span>
    </p>
   </div>
   <div class='ocr_carea' id='block_1_6' title="bbox 437 1204 1684 1324">
    <p class='ocr_par' dir='ltr' id='par_1_6' title="bbox 437 1204 1684 1324">
     <span class='ocr_line' id='line_1_6' title="bbox 437 1204 1684 1324; baseline 0.022 -44"><span class='ocrx_word' id='word_1_38' title='bbox 437 1212 515 1297; x_wconf 82' lang='lat'><strong>8⁶¹!-</strong></span> <span class='ocrx_word' id='word_1_39' title='bbox 539 1208 605 1280; x_wconf 72' lang='lat' dir='ltr'>lire</span> <span class='ocrx_word' id='word_1_40' title='bbox 622 1234 705 1309; x_wconf 85' lang='lat' dir='ltr'>ergo</span> <span class='ocrx_word' id='word_1_41' title='bbox 722 1204 806 1279; x_wconf 85' lang='lat' dir='ltr'>duct</span> <span class='ocrx_word' id='word_1_42' title='bbox 827 1204 916 1281; x_wconf 85' lang='lat' dir='ltr'>casut</span> <span class='ocrx_word' id='word_1_43' title='bbox 938 1213 1093 1287; x_wconf 88' lang='lat' dir='ltr'>conssitui</span> <span class='ocrx_word' id='word_1_44' title='bbox 1119 1220 1309 1317; x_wconf 81' lang='lat' dir='ltr'>convenit,</span> <span class='ocrx_word' id='word_1_45' title='bbox 1345 1220 1489 1299; x_wconf 85' lang='lat' dir='ltr'>alterum</span> <span class='ocrx_word' id='word_1_46' title='bbox 1507 1253 1577 1324; x_wconf 88' lang='lat' dir='ltr'>quo</span> <span class='ocrx_word' id='word_1_47' title='bbox 1596 1230 1684 1307; x_wconf 86' lang='lat' dir='ltr'>cele·</span> 
     </span>
    </p>
   </div>
   <div class='ocr_carea' id='block_1_7' title="bbox 326 1326 1673 1471">
    <p class='ocr_par' dir='ltr' id='par_1_7' title="bbox 326 1326 1673 1471">
     <span class='ocr_line' id='line_1_7' title="bbox 326 1326 1673 1471; baseline 0 -38"><span class='ocrx_word' id='word_1_48' title='bbox 326 1366 407 1461; x_wconf 77' lang='lat' dir='ltr'>ritae</span> <span class='ocrx_word' id='word_1_49' title='bbox 422 1356 587 1463; x_wconf 77' lang='lat' dir='ltr'>angularis</span> <span class='ocrx_word' id='word_1_50' title='bbox 602 1360 725 1431; x_wconf 86' lang='lat' dir='ltr'>turbini</span> <span class='ocrx_word' id='word_1_51' title='bbox 740 1362 887 1459; x_wconf 89' lang='lat' dir='ltr'>primum</span> <span class='ocrx_word' id='word_1_52' title='bbox 901 1354 1055 1461; x_wconf 73' lang='lat' dir='ltr'>impressa</span> <span class='ocrx_word' id='word_1_53' title='bbox 1070 1368 1207 1439; x_wconf 87' lang='lat' dir='ltr'>truiuor</span> <span class='ocrx_word' id='word_1_54' title='bbox 1219 1366 1276 1463; x_wconf 86' lang='lat' dir='ltr'>est,</span> <span class='ocrx_word' id='word_1_55' title='bbox 1292 1397 1395 1471; x_wconf 82' lang='lat' dir='ltr'>quarn</span> <span class='ocrx_word' id='word_1_56' title='bbox 1416 1326 1673 1406; x_wconf 46' lang='lat' dir='ltr'>&#39;‘rigo-&#39;¹¹⁰</span> 
     </span>
    </p>
   </div>
   <div class='ocr_carea' id='block_1_8' title="bbox 1426 1438 1681 1511">
    <p class='ocr_par' dir='ltr' id='par_1_8' title="bbox 1426 1438 1681 1511">
     <span class='ocr_line' id='line_1_8' title="bbox 1426 1438 1681 1511; baseline 0 -4"><span class='ocrx_word' id='word_1_57' title='bbox 1426 1438 1681 1511; x_wconf 58' lang='lat' dir='ltr'>“erit-W</span> 
     </span>
    </p>
   </div>
   <div class='ocr_carea' id='block_1_9' title="bbox 1414 1511 1672 1590">
    <p class='ocr_par' dir='ltr' id='par_1_9' title="bbox 1414 1511 1672 1590">
     <span class='ocr_line' id='line_1_9' title="bbox 1414 1511 1672 1590; baseline -0.023 -12"><span class='ocrx_word' id='word_1_58' title='bbox 1414 1511 1672 1590; x_wconf 61' lang='lat' dir='ltr'>uffart-ti)</span> 
     </span>
    </p>
   </div>
   <div class='ocr_carea' id='block_1_10' title="bbox 325 1620 1684 1855">
    <p class='ocr_par' dir='ltr' id='par_1_10' title="bbox 325 1620 1684 1855">
     <span class='ocr_line' id='line_1_10' title="bbox 1577 1622 1684 1667; baseline -0.037 0"><span class='ocrx_word' id='word_1_59' title='bbox 1577 1652 1613 1667; x_wconf 83' lang='grc'>..</span> <span class='ocrx_word' id='word_1_60' title='bbox 1672 1622 1684 1663; x_wconf 80' lang='lat' dir='ltr'>r</span> 
     </span>
     <span class='ocr_line' id='line_1_11' title="bbox 325 1620 1681 1855; baseline 0.007 -93"><span class='ocrx_word' id='word_1_61' title='bbox 325 1688 428 1781; x_wconf 83' lang='lat' dir='ltr'>turbo</span> <span class='ocrx_word' id='word_1_62' title='bbox 445 1712 525 1759; x_wconf 90' lang='lat' dir='ltr'>mox</span> <span class='ocrx_word' id='word_1_63' title='bbox 548 1679 735 1785; x_wconf 84' lang='lat' dir='ltr'>procidet,</span> <span class='ocrx_word' id='word_1_64' title='bbox 769 1686 933 1855; x_wconf 67' lang='lat' dir='ltr'>puertiam</span> <span class='ocrx_word' id='word_1_65' title='bbox 959 1681 999 1755; x_wconf 89' lang='lat' dir='ltr'>ad</span> <span class='ocrx_word' id='word_1_66' title='bbox 1026 1692 1201 1761; x_wconf 81' lang='lat' dir='ltr'>minimam</span> <span class='ocrx_word' id='word_1_67' title='bbox 1227 1620 1681 1795; x_wconf 58' lang='lat' dir='ltr'>inclinationeatidpddvediie</span> 
     </span>
    </p>
   </div>
   <div class='ocr_carea' id='block_1_11' title="bbox 326 1782 1678 1897">
    <p class='ocr_par' dir='ltr' id='par_1_11' title="bbox 326 1782 1678 1897">
     <span class='ocr_line' id='line_1_12' title="bbox 326 1782 1678 1897; baseline 0.004 -34"><span class='ocrx_word' id='word_1_68' title='bbox 326 1795 474 1893; x_wconf 87' lang='lat' dir='ltr'>nequit,</span> <span class='ocrx_word' id='word_1_69' title='bbox 508 1794 590 1890; x_wconf 87' lang='lat' dir='ltr'>quin</span> <span class='ocrx_word' id='word_1_70' title='bbox 609 1809 753 1885; x_wconf 88' lang='lat' dir='ltr'>corpore</span> <span class='ocrx_word' id='word_1_71' title='bbox 785 1809 829 1855; x_wconf 91' lang='lat' dir='ltr'>uo</span> <span class='ocrx_word' id='word_1_72' title='bbox 845 1782 983 1882; x_wconf 89' lang='lat' dir='ltr'>planum</span> <span class='ocrx_word' id='word_1_73' title='bbox 1006 1788 1220 1863; x_wconf 87' lang='lat' dir='ltr'>horizontale</span> <span class='ocrx_word' id='word_1_74' title='bbox 1242 1800 1410 1897; x_wconf 82' lang='lat' dir='ltr'>attingat,</span> <span class='ocrx_word' id='word_1_75' title='bbox 1433 1795 1541 1877; x_wconf 72' lang='lat' dir='ltr'>berrue</span> <span class='ocrx_word' id='word_1_76' title='bbox 1565 1818 1678 1869; x_wconf 81' lang='lat' dir='ltr'>motus</span> 
     </span>
    </p>
   </div>
   <div class='ocr_carea' id='block_1_12' title="bbox 327 1892 1668 2044">
    <p class='ocr_par' dir='ltr' id='par_1_12' title="bbox 327 1892 1668 2044">
     <span class='ocr_line' id='line_1_13' title="bbox 327 1892 1668 2044; baseline -0.012 -31"><span class='ocrx_word' id='word_1_77' title='bbox 327 1943 520 2044; x_wconf 80' lang='lat' dir='ltr'>gyratorius</span> <span class='ocrx_word' id='word_1_78' title='bbox 542 1936 738 2013; x_wconf 84' lang='lat' dir='ltr'>destruatur.</span> <span class='ocrx_word' id='word_1_79' title='bbox 794 1934 975 2011; x_wconf 86' lang='lat' dir='ltr'>Polleriori</span> <span class='ocrx_word' id='word_1_80' title='bbox 989 1962 1073 2011; x_wconf 87' lang='lat' dir='ltr'>veto</span> <span class='ocrx_word' id='word_1_81' title='bbox 1095 1934 1171 2011; x_wconf 88' lang='lat' dir='ltr'>casu</span> <span class='ocrx_word' id='word_1_82' title='bbox 1196 1966 1266 2041; x_wconf 88' lang='lat' dir='ltr'>quo</span> <span class='ocrx_word' id='word_1_83' title='bbox 1287 1956 1357 2027; x_wconf 79' lang='lat' dir='ltr'>a&gt;</span> <span class='ocrx_word' id='word_1_84' title='bbox 1387 1892 1668 1999; x_wconf 61' lang='lat' dir='ltr'><em>Q</em></span> 
     </span>
    </p>
   </div>
   <div class='ocr_carea' id='block_1_13' title="bbox 327 2005 1678 2177">
    <p class='ocr_par' dir='ltr' id='par_1_13' title="bbox 327 2005 1678 2177">
     <span class='ocr_line' id='line_1_14' title="bbox 1666 2005 1677 2037; baseline 0 0"><span class='ocrx_word' id='word_1_85' title='bbox 1666 2005 1677 2037; x_wconf 70' lang='grc'><strong><em>9</em></strong></span> 
     </span>
     <span class='ocr_line' id='line_1_15' title="bbox 327 2006 1678 2177; baseline 0 -24"><span class='ocrx_word' id='word_1_86' title='bbox 327 2097 440 2177; x_wconf 84' lang='lat' dir='ltr'>motus</span> <span class='ocrx_word' id='word_1_87' title='bbox 458 2079 646 2176; x_wconf 87' lang='lat' dir='ltr'>gyratorius</span> <span class='ocrx_word' id='word_1_88' title='bbox 660 2089 824 2173; x_wconf 86' lang='lat' dir='ltr'>perpetuo</span> <span class='ocrx_word' id='word_1_89' title='bbox 841 2068 994 2161; x_wconf 83' lang='lat' dir='ltr'>durabit,</span> <span class='ocrx_word' id='word_1_90' title='bbox 1016 2071 1288 2175; x_wconf 87' lang='lat' dir='ltr'>quandoquidem</span> <span class='ocrx_word' id='word_1_91' title='bbox 1305 2006 1678 2155; x_wconf 53' lang='lat' dir='ltr'>afriuibisdirb&#39;ibbi.</span> 
     </span>
    </p>
   </div>
   <div class='ocr_carea' id='block_1_14' title="bbox 325 2174 1730 3186">
    <p class='ocr_par' dir='ltr' id='par_1_14' title="bbox 325 2174 1730 3186">
     <span class='ocr_line' id='line_1_16' title="bbox 327 2174 1675 2285; baseline -0.006 -31"><span class='ocrx_word' id='word_1_92' title='bbox 327 2208 394 2285; x_wconf 88' lang='lat' dir='ltr'>que</span> <span class='ocrx_word' id='word_1_93' title='bbox 412 2198 524 2249; x_wconf 89' lang='lat' dir='ltr'>motus</span> <span class='ocrx_word' id='word_1_94' title='bbox 539 2175 712 2249; x_wconf 86' lang='lat' dir='ltr'>obllaculis</span> <span class='ocrx_word' id='word_1_95' title='bbox 728 2192 879 2249; x_wconf 81' lang='lat' dir='ltr'><strong>mentem</strong></span> <span class='ocrx_word' id='word_1_96' title='bbox 898 2174 1123 2247; x_wconf 82' lang='lat' dir='ltr'>abstrahimus.</span> <span class='ocrx_word' id='word_1_97' title='bbox 1173 2176 1224 2249; x_wconf 91' lang='lat' dir='ltr'>Ut</span> <span class='ocrx_word' id='word_1_98' title='bbox 1248 2202 1333 2278; x_wconf 88' lang='lat' dir='ltr'>ergo</span> <span class='ocrx_word' id='word_1_99' title='bbox 1354 2200 1467 2252; x_wconf 80' lang='lat' dir='ltr'>motus</span> <span class='ocrx_word' id='word_1_100' title='bbox 1487 2190 1675 2280; x_wconf 70' lang='lat' dir='ltr'>gyratoriue</span> 
     </span>
     <span class='ocr_line' id='line_1_17' title="bbox 327 2268 1730 2395; baseline -0.003 -39"><span class='ocrx_word' id='word_1_101' title='bbox 327 2278 471 2395; x_wconf 87' lang='lat' dir='ltr'>prodeat</span> <span class='ocrx_word' id='word_1_102' title='bbox 483 2282 671 2379; x_wconf 78' lang='lat' dir='ltr'>perennis,</span> <span class='ocrx_word' id='word_1_103' title='bbox 697 2268 824 2346; x_wconf 85' lang='lat' dir='ltr'>necesse</span> <span class='ocrx_word' id='word_1_104' title='bbox 832 2274 885 2373; x_wconf 64' lang='lat' dir='ltr'>[cll</span> <span class='ocrx_word' id='word_1_105' title='bbox 904 2274 1027 2346; x_wconf 88' lang='lat' dir='ltr'>turbini</span> <span class='ocrx_word' id='word_1_106' title='bbox 1042 2281 1189 2373; x_wconf 88' lang='lat' dir='ltr'>primum</span> <span class='ocrx_word' id='word_1_107' title='bbox 1213 2286 1377 2370; x_wconf 82' lang='lat' dir='ltr'>ruajorern</span> <span class='ocrx_word' id='word_1_108' title='bbox 1397 2279 1601 2353; x_wconf 80' lang='lat' dir='ltr'>celeritatem</span> <span class='ocrx_word' id='word_1_109' title='bbox 1618 2310 1675 2354; x_wconf 90' lang='lat' dir='ltr'>au-</span> <span class='ocrx_word' id='word_1_110' title='bbox 1721 2328 1730 2339; x_wconf 93' lang='lat'>·</span> 
     </span>
     <span class='ocr_line' id='line_1_18' title="bbox 325 2360 1674 2485; baseline -0.008 -29"><span class='ocrx_word' id='word_1_111' title='bbox 325 2382 479 2485; x_wconf 85' lang='lat' dir='ltr'>gulareru</span> <span class='ocrx_word' id='word_1_112' title='bbox 494 2403 509 2452; x_wconf 88' lang='lat' dir='ltr'>t</span> <span class='ocrx_word' id='word_1_113' title='bbox 522 2384 567 2449; x_wconf 90' lang='lat' dir='ltr'>im</span> <span class='ocrx_word' id='word_1_114' title='bbox 594 2382 697 2463; x_wconf 88' lang='lat' dir='ltr'>rimi,</span> <span class='ocrx_word' id='word_1_115' title='bbox 722 2400 821 2475; x_wconf 88' lang='lat' dir='ltr'>quam</span> <span class='ocrx_word' id='word_1_116' title='bbox 837 2372 893 2445; x_wconf 87' lang='lat' dir='ltr'>illa</span> <span class='ocrx_word' id='word_1_117' title='bbox 909 2370 1057 2445; x_wconf 86' lang='lat' dir='ltr'>formula</span> <span class='ocrx_word' id='word_1_118' title='bbox 1072 2376 1214 2448; x_wconf 87' lang='lat' dir='ltr'>exhibet.</span> <span class='ocrx_word' id='word_1_119' title='bbox 1263 2380 1355 2451; x_wconf 87' lang='lat' dir='ltr'>Patet</span> <span class='ocrx_word' id='word_1_120' title='bbox 1375 2400 1499 2468; x_wconf 88' lang='lat' dir='ltr'>autem,</span> <span class='ocrx_word' id='word_1_121' title='bbox 1517 2360 1587 2483; x_wconf 72' lang='lat' dir='ltr'>quo</span> <span class='ocrx_word' id='word_1_122' title='bbox 1604 2410 1674 2455; x_wconf 74' lang='lat' dir='ltr'>ma.</span> 
     </span>
     <span class='ocr_line' id='line_1_19' title="bbox 325 2408 1671 2585; baseline -0.004 -25"><span class='ocrx_word' id='word_1_123' title='bbox 325 2494 382 2585; x_wconf 76' lang='lat' dir='ltr'>jor</span> <span class='ocrx_word' id='word_1_124' title='bbox 396 2482 522 2555; x_wconf 85' lang='lat' dir='ltr'>turbini</span> <span class='ocrx_word' id='word_1_125' title='bbox 538 2408 688 2553; x_wconf 79' lang='lat' dir='ltr'>celeritas</span> <span class='ocrx_word' id='word_1_126' title='bbox 703 2472 867 2577; x_wconf 83' lang='lat' dir='ltr'>angularis</span> <span class='ocrx_word' id='word_1_127' title='bbox 883 2480 1120 2574; x_wconf 85' lang='lat' dir='ltr'>imprimatur,</span> <span class='ocrx_word' id='word_1_128' title='bbox 1147 2501 1189 2549; x_wconf 91' lang='lat' dir='ltr'>eo</span> <span class='ocrx_word' id='word_1_129' title='bbox 1214 2480 1324 2551; x_wconf 86' lang='lat' dir='ltr'>minus</span> <span class='ocrx_word' id='word_1_130' title='bbox 1344 2506 1422 2553; x_wconf 91' lang='lat' dir='ltr'>eum</span> <span class='ocrx_word' id='word_1_131' title='bbox 1447 2480 1487 2552; x_wconf 86' lang='lat' dir='ltr'>ad</span> <span class='ocrx_word' id='word_1_132' title='bbox 1507 2484 1671 2557; x_wconf 88' lang='lat' dir='ltr'>horizon·</span> 
     </span>
     <span class='ocr_line' id='line_1_20' title="bbox 325 2574 1671 2674; baseline -0.005 -12"><span class='ocrx_word' id='word_1_133' title='bbox 325 2608 401 2661; x_wconf 84' lang='lat' dir='ltr'>tem</span> <span class='ocrx_word' id='word_1_134' title='bbox 417 2580 614 2655; x_wconf 87' lang='lat' dir='ltr'>inclinatum</span> <span class='ocrx_word' id='word_1_135' title='bbox 630 2584 699 2674; x_wconf 86' lang='lat' dir='ltr'>iri,</span> <span class='ocrx_word' id='word_1_136' title='bbox 720 2603 757 2648; x_wconf 88' lang='lat' dir='ltr'>ac</span> <span class='ocrx_word' id='word_1_137' title='bbox 770 2574 795 2648; x_wconf 84' lang='lat' dir='ltr'>st</span> <span class='ocrx_word' id='word_1_138' title='bbox 810 2574 960 2648; x_wconf 83' lang='lat' dir='ltr'>celeritas</span> <span class='ocrx_word' id='word_1_139' title='bbox 978 2576 1033 2649; x_wconf 87' lang='lat' dir='ltr'>illa</span> <span class='ocrx_word' id='word_1_140' title='bbox 1047 2574 1139 2650; x_wconf 87' lang='lat' dir='ltr'>soret</span> <span class='ocrx_word' id='word_1_141' title='bbox 1160 2574 1314 2667; x_wconf 84' lang='lat' dir='ltr'>infinita,</span> <span class='ocrx_word' id='word_1_142' title='bbox 1345 2581 1445 2653; x_wconf 83' lang='lat' dir='ltr'>turbo</span> <span class='ocrx_word' id='word_1_143' title='bbox 1461 2580 1600 2656; x_wconf 87' lang='lat' dir='ltr'>eandem</span> <span class='ocrx_word' id='word_1_144' title='bbox 1621 2590 1671 2656; x_wconf 91' lang='lat' dir='ltr'>in·</span> 
     </span>
     <span class='ocr_line' id='line_1_21' title="bbox 326 2672 1669 2784; baseline -0.01 -24"><span class='ocrx_word' id='word_1_145' title='bbox 326 2688 547 2784; x_wconf 83' lang='lat' dir='ltr'>clinationem</span> <span class='ocrx_word' id='word_1_146' title='bbox 571 2699 735 2782; x_wconf 88' lang='lat' dir='ltr'>perpetuo</span> <span class='ocrx_word' id='word_1_147' title='bbox 756 2672 977 2749; x_wconf 84' lang='lat' dir='ltr'>conservaret.</span> <span class='ocrx_word' id='word_1_148' title='bbox 1036 2675 1189 2781; x_wconf 78' lang='lat' dir='ltr'>Qando</span> <span class='ocrx_word' id='word_1_149' title='bbox 1210 2699 1321 2753; x_wconf 89' lang='lat' dir='ltr'>autern</span> <span class='ocrx_word' id='word_1_150' title='bbox 1346 2702 1456 2753; x_wconf 83' lang='lat' dir='ltr'>motus</span> <span class='ocrx_word' id='word_1_151' title='bbox 1478 2690 1669 2781; x_wconf 66' lang='lat' dir='ltr'>gyratoriue</span> 
     </span>
     <span class='ocr_line' id='line_1_22' title="bbox 326 2774 1669 2887; baseline -0.007 -22"><span class='ocrx_word' id='word_1_152' title='bbox 326 2790 377 2865; x_wconf 81' lang='lat' dir='ltr'>cll</span> <span class='ocrx_word' id='word_1_153' title='bbox 392 2788 572 2887; x_wconf 79' lang='lat' dir='ltr'>perennis,</span> <span class='ocrx_word' id='word_1_154' title='bbox 598 2782 698 2853; x_wconf 91' lang='lat' dir='ltr'>turbo</span> <span class='ocrx_word' id='word_1_155' title='bbox 713 2780 752 2851; x_wconf 86' lang='lat' dir='ltr'>ab</span> <span class='ocrx_word' id='word_1_156' title='bbox 768 2783 866 2851; x_wconf 89' lang='lat' dir='ltr'>initio</span> <span class='ocrx_word' id='word_1_157' title='bbox 883 2784 985 2879; x_wconf 82' lang='lat' dir='ltr'>magis</span> <span class='ocrx_word' id='word_1_158' title='bbox 1001 2774 1043 2849; x_wconf 82' lang='lat' dir='ltr'>ad</span> <span class='ocrx_word' id='word_1_159' title='bbox 1067 2783 1283 2851; x_wconf 87' lang='lat' dir='ltr'>horizontem</span> <span class='ocrx_word' id='word_1_160' title='bbox 1299 2781 1538 2871; x_wconf 87' lang='lat' dir='ltr'>inclinabitur,</span> <span class='ocrx_word' id='word_1_161' title='bbox 1558 2787 1669 2856; x_wconf 88' lang='lat' dir='ltr'>donec</span> 
     </span>
     <span class='ocr_line' id='line_1_23' title="bbox 325 2874 1669 2983; baseline -0.006 -18"><span class='ocrx_word' id='word_1_162' title='bbox 325 2894 508 2965; x_wconf 82' lang='lat' dir='ltr'>maximam</span> <span class='ocrx_word' id='word_1_163' title='bbox 527 2883 777 2977; x_wconf 83' lang='lat' dir='ltr'>inclinationem</span> <span class='ocrx_word' id='word_1_164' title='bbox 788 2886 944 2983; x_wconf 87' lang='lat' dir='ltr'>attigerit,</span> <span class='ocrx_word' id='word_1_165' title='bbox 962 2899 1033 2950; x_wconf 91' lang='lat' dir='ltr'>tum</span> <span class='ocrx_word' id='word_1_166' title='bbox 1052 2884 1175 2951; x_wconf 87' lang='lat' dir='ltr'>iterum</span> <span class='ocrx_word' id='word_1_167' title='bbox 1189 2874 1221 2951; x_wconf 90' lang='lat' dir='ltr'>se</span> <span class='ocrx_word' id='word_1_168' title='bbox 1245 2886 1352 2981; x_wconf 85' lang='lat' dir='ltr'>eriget</span> <span class='ocrx_word' id='word_1_169' title='bbox 1369 2908 1472 2983; x_wconf 83' lang='lat' dir='ltr'>usque</span> <span class='ocrx_word' id='word_1_170' title='bbox 1489 2883 1529 2955; x_wconf 88' lang='lat' dir='ltr'>ad</span> <span class='ocrx_word' id='word_1_171' title='bbox 1552 2886 1669 2957; x_wconf 85' lang='lat' dir='ltr'>ilatum</span> 
     </span>
     <span class='ocr_line' id='line_1_24' title="bbox 326 2977 1670 3083; baseline -0.009 -16"><span class='ocrx_word' id='word_1_172' title='bbox 326 2989 503 3075; x_wconf 84' lang='lat' dir='ltr'>initialem,</span> <span class='ocrx_word' id='word_1_173' title='bbox 542 3012 586 3057; x_wconf 91' lang='lat' dir='ltr'>uo</span> <span class='ocrx_word' id='word_1_174' title='bbox 605 2986 875 3083; x_wconf 85' lang='lat' dir='ltr'>nbipervenerit‚</span> <span class='ocrx_word' id='word_1_175' title='bbox 893 2978 983 3081; x_wconf 84' lang='lat' dir='ltr'>quali</span> <span class='ocrx_word' id='word_1_176' title='bbox 998 3006 1099 3053; x_wconf 88' lang='lat' dir='ltr'>uuam</span> <span class='ocrx_word' id='word_1_177' title='bbox 1115 2998 1225 3053; x_wconf 83' lang='lat' dir='ltr'>motus</span> <span class='ocrx_word' id='word_1_178' title='bbox 1239 2977 1286 3052; x_wconf 89' lang='lat' dir='ltr'>sui</span> <span class='ocrx_word' id='word_1_179' title='bbox 1301 2984 1481 3081; x_wconf 89' lang='lat' dir='ltr'>periodum</span> <span class='ocrx_word' id='word_1_180' title='bbox 1498 2978 1670 3056; x_wconf 82' lang='lat' dir='ltr'>absolvisse</span> 
     </span>
     <span class='ocr_line' id='line_1_25' title="bbox 328 3014 1671 3186; baseline -0.007 -19"><span class='ocrx_word' id='word_1_181' title='bbox 328 3092 375 3167; x_wconf 90' lang='lat' dir='ltr'>esl</span> <span class='ocrx_word' id='word_1_182' title='bbox 393 3014 587 3176; x_wconf 81' lang='lat' dir='ltr'>censendus,</span> <span class='ocrx_word' id='word_1_183' title='bbox 605 3085 760 3186; x_wconf 84' lang='lat' dir='ltr'>deinceps</span> <span class='ocrx_word' id='word_1_184' title='bbox 776 3082 871 3154; x_wconf 80' lang='lat' dir='ltr'>fimili</span> <span class='ocrx_word' id='word_1_185' title='bbox 888 3079 995 3154; x_wconf 91' lang='lat' dir='ltr'>modo</span> <span class='ocrx_word' id='word_1_186' title='bbox 1008 3078 1240 3183; x_wconf 83' lang='lat' dir='ltr'>progressurus</span> <span class='ocrx_word' id='word_1_187' title='bbox 1250 3107 1262 3179; x_wconf 82' lang='lat'><em>3</em></span> <span class='ocrx_word' id='word_1_188' title='bbox 1284 3093 1553 3184; x_wconf 84' lang='lat' dir='ltr'>rumquamenim</span> <span class='ocrx_word' id='word_1_189' title='bbox 1570 3086 1671 3157; x_wconf 92' lang='lat' dir='ltr'>turbo</span> 
     </span>
    </p>
   </div>
   <div class='ocr_carea' id='block_1_15' title="bbox 327 1545 1405 1657">
    <p class='ocr_par' dir='ltr' id='par_1_15' title="bbox 327 1545 1405 1657">
     <span class='ocr_line' id='line_1_26' title="bbox 327 1545 1405 1657; baseline 0.005 -32"><span class='ocrx_word' id='word_1_190' title='bbox 327 1548 473 1625; x_wconf 76' lang='lat' dir='ltr'>alterurn</span> <span class='ocrx_word' id='word_1_191' title='bbox 486 1572 555 1649; x_wconf 90' lang='lat' dir='ltr'>quo</span> <span class='ocrx_word' id='word_1_192' title='bbox 572 1549 634 1617; x_wconf 90' lang='lat' dir='ltr'>hac</span> <span class='ocrx_word' id='word_1_193' title='bbox 646 1548 826 1647; x_wconf 87' lang='lat' dir='ltr'>quantitate</span> <span class='ocrx_word' id='word_1_194' title='bbox 844 1545 1016 1640; x_wconf 86' lang='lat' dir='ltr'>ellmajor.</span> <span class='ocrx_word' id='word_1_195' title='bbox 1041 1548 1152 1621; x_wconf 86' lang='lat' dir='ltr'>Priori</span> <span class='ocrx_word' id='word_1_196' title='bbox 1167 1548 1240 1625; x_wconf 89' lang='lat' dir='ltr'>casu</span> <span class='ocrx_word' id='word_1_197' title='bbox 1256 1578 1351 1657; x_wconf 85' lang='lat' dir='ltr'>quot</span> <span class='ocrx_word' id='word_1_198' title='bbox 1366 1574 1405 1645; x_wconf 89' lang='lat'>&lt;</span> 
     </span>
    </p>
   </div>
   <div class='ocr_carea' id='block_1_16' title="bbox 327 3179 1673 3358">
    <p class='ocr_par' dir='ltr' id='par_1_16' title="bbox 327 3179 1673 3358">
     <span class='ocr_line' id='line_1_27' title="bbox 327 3179 1673 3358; baseline -0.01 -89"><span class='ocrx_word' id='word_1_199' title='bbox 327 3200 434 3297; x_wconf 84' lang='lat' dir='ltr'>magis</span> <span class='ocrx_word' id='word_1_200' title='bbox 450 3190 508 3265; x_wconf 87' lang='lat' dir='ltr'>fiet</span> <span class='ocrx_word' id='word_1_201' title='bbox 523 3188 671 3275; x_wconf 74' lang='lat' dir='ltr'>etesius,</span> <span class='ocrx_word' id='word_1_202' title='bbox 692 3210 792 3358; x_wconf 62' lang='lat' dir='ltr'>&lt;paam</span> <span class='ocrx_word' id='word_1_203' title='bbox 811 3179 919 3256; x_wconf 86' lang='lat' dir='ltr'>fuerat</span> <span class='ocrx_word' id='word_1_204' title='bbox 939 3188 1056 3271; x_wconf 90' lang='lat' dir='ltr'>initio,</span> <span class='ocrx_word' id='word_1_205' title='bbox 1077 3183 1102 3255; x_wconf 89' lang='lat' dir='ltr'>sr</span> <span class='ocrx_word' id='word_1_206' title='bbox 1126 3186 1262 3283; x_wconf 87' lang='lat' dir='ltr'>quidem</span> <span class='ocrx_word' id='word_1_207' title='bbox 1277 3182 1367 3255; x_wconf 87' lang='lat' dir='ltr'>nulla</span> <span class='ocrx_word' id='word_1_208' title='bbox 1392 3180 1524 3257; x_wconf 84' lang='lat' dir='ltr'>affuerit</span> <span class='ocrx_word' id='word_1_209' title='bbox 1547 3184 1673 3256; x_wconf 74' lang='lat' dir='ltr'>sriclio.</span> 
     </span>
    </p>
   </div>
   <div class='ocr_carea' id='block_1_17' title="bbox 327 3280 1675 3785">
    <p class='ocr_par' dir='ltr' id='par_1_17' title="bbox 327 3280 1675 3785">
     <span class='ocr_line' id='line_1_28' title="bbox 328 3280 1673 3393; baseline -0.007 -28"><span class='ocrx_word' id='word_1_210' title='bbox 328 3298 486 3393; x_wconf 87' lang='lat' dir='ltr'>Namque</span> <span class='ocrx_word' id='word_1_211' title='bbox 503 3289 525 3361; x_wconf 85' lang='lat' dir='ltr'>fi</span> <span class='ocrx_word' id='word_1_212' title='bbox 545 3290 673 3375; x_wconf 89' lang='lat' dir='ltr'>turbo,</span> <span class='ocrx_word' id='word_1_213' title='bbox 724 3312 781 3358; x_wconf 91' lang='lat' dir='ltr'>um</span> <span class='ocrx_word' id='word_1_214' title='bbox 804 3281 939 3385; x_wconf 83' lang='lat' dir='ltr'>cuspide</span> <span class='ocrx_word' id='word_1_215' title='bbox 961 3280 1059 3384; x_wconf 90' lang='lat' dir='ltr'>super</span> <span class='ocrx_word' id='word_1_216' title='bbox 1073 3283 1174 3383; x_wconf 86' lang='lat' dir='ltr'>plano</span> <span class='ocrx_word' id='word_1_217' title='bbox 1200 3283 1406 3357; x_wconf 88' lang='lat' dir='ltr'>horizontali</span> <span class='ocrx_word' id='word_1_218' title='bbox 1431 3286 1584 3380; x_wconf 80' lang='lat' dir='ltr'>incedit,</span> <span class='ocrx_word' id='word_1_219' title='bbox 1611 3282 1673 3357; x_wconf 87' lang='lat' dir='ltr'>fri·</span> 
     </span>
     <span class='ocr_line' id='line_1_29' title="bbox 329 3380 1675 3487; baseline -0.011 -16"><span class='ocrx_word' id='word_1_220' title='bbox 329 3398 479 3471; x_wconf 74' lang='lat' dir='ltr'>(tionem</span> <span class='ocrx_word' id='word_1_221' title='bbox 493 3386 667 3477; x_wconf 85' lang='lat' dir='ltr'>offendat,</span> <span class='ocrx_word' id='word_1_222' title='bbox 690 3395 759 3483; x_wconf 81' lang='lat' dir='ltr'>ejus</span> <span class='ocrx_word' id='word_1_223' title='bbox 775 3380 912 3460; x_wconf 73' lang='lat' dir='ltr'>effecius</span> <span class='ocrx_word' id='word_1_224' title='bbox 929 3392 964 3456; x_wconf 91' lang='lat' dir='ltr'>in</span> <span class='ocrx_word' id='word_1_225' title='bbox 979 3382 1143 3487; x_wconf 84' lang='lat' dir='ltr'>erigendo</span> <span class='ocrx_word' id='word_1_226' title='bbox 1159 3386 1293 3459; x_wconf 88' lang='lat' dir='ltr'>turbine</span> <span class='ocrx_word' id='word_1_227' title='bbox 1308 3382 1542 3475; x_wconf 88' lang='lat' dir='ltr'>consumetur,</span> <span class='ocrx_word' id='word_1_228' title='bbox 1561 3404 1675 3483; x_wconf 87' lang='lat' dir='ltr'>quate·</span> 
     </span>
     <span class='ocr_line' id='line_1_30' title="bbox 329 3482 1672 3589; baseline -0.013 -17"><span class='ocrx_word' id='word_1_229' title='bbox 329 3524 392 3573; x_wconf 90' lang='lat' dir='ltr'>nus</span> <span class='ocrx_word' id='word_1_230' title='bbox 410 3504 436 3568; x_wconf 87' lang='lat' dir='ltr'>is</span> <span class='ocrx_word' id='word_1_231' title='bbox 450 3496 494 3565; x_wconf 95' lang='lat' dir='ltr'>ob</span> <span class='ocrx_word' id='word_1_232' title='bbox 507 3502 669 3564; x_wconf 88' lang='lat' dir='ltr'>minutam</span> <span class='ocrx_word' id='word_1_233' title='bbox 683 3490 888 3562; x_wconf 81' lang='lat' dir='ltr'>celeritatem</span> <span class='ocrx_word' id='word_1_234' title='bbox 911 3486 1104 3589; x_wconf 86' lang='lat' dir='ltr'>angularem</span> <span class='ocrx_word' id='word_1_235' title='bbox 1123 3513 1194 3559; x_wconf 89' lang='lat' dir='ltr'>uon</span> <span class='ocrx_word' id='word_1_236' title='bbox 1217 3482 1345 3585; x_wconf 86' lang='lat' dir='ltr'>prolabi</span> <span class='ocrx_word' id='word_1_237' title='bbox 1368 3493 1510 3585; x_wconf 79' lang='lat' dir='ltr'>cogitur.</span> <span class='ocrx_word' id='word_1_238' title='bbox 1560 3488 1672 3576; x_wconf 85' lang='lat' dir='ltr'>Quare</span> 
     </span>
     <span class='ocr_line' id='line_1_31' title="bbox 328 3586 1670 3687; baseline -0.011 -13"><span class='ocrx_word' id='word_1_239' title='bbox 328 3604 457 3674; x_wconf 85' lang='lat' dir='ltr'>nemini</span> <span class='ocrx_word' id='word_1_240' title='bbox 479 3601 604 3666; x_wconf 89' lang='lat' dir='ltr'>mirum</span> <span class='ocrx_word' id='word_1_241' title='bbox 626 3589 733 3663; x_wconf 84' lang='lat' dir='ltr'>uideri</span> <span class='ocrx_word' id='word_1_242' title='bbox 755 3588 877 3667; x_wconf 81' lang='lat' dir='ltr'>debet,</span> <span class='ocrx_word' id='word_1_243' title='bbox 901 3587 925 3661; x_wconf 85' lang='lat' dir='ltr'>fi</span> <span class='ocrx_word' id='word_1_244' title='bbox 947 3594 1151 3687; x_wconf 80' lang='lat' dir='ltr'>experientia</span> <span class='ocrx_word' id='word_1_245' title='bbox 1173 3586 1290 3659; x_wconf 85' lang='lat' dir='ltr'>nollro</span> <span class='ocrx_word' id='word_1_246' title='bbox 1312 3586 1441 3661; x_wconf 88' lang='lat' dir='ltr'>calculo</span> <span class='ocrx_word' id='word_1_247' title='bbox 1464 3594 1573 3659; x_wconf 85' lang='lat' dir='ltr'>minus</span> <span class='ocrx_word' id='word_1_248' title='bbox 1589 3612 1670 3659; x_wconf 90' lang='lat' dir='ltr'>cou-</span> 
     </span>
     <span class='ocr_line' id='line_1_32' title="bbox 327 3684 1280 3785; baseline -0.01 -10"><span class='ocrx_word' id='word_1_249' title='bbox 327 3706 468 3785; x_wconf 82' lang='lat' dir='ltr'>veniat,</span> <span class='ocrx_word' id='word_1_250' title='bbox 493 3722 572 3768; x_wconf 89' lang='lat' dir='ltr'>cum</span> <span class='ocrx_word' id='word_1_251' title='bbox 589 3693 813 3767; x_wconf 86' lang='lat' dir='ltr'>aberrationes</span> <span class='ocrx_word' id='word_1_252' title='bbox 828 3688 980 3765; x_wconf 75' lang='lat' dir='ltr'>fridioni</span> <span class='ocrx_word' id='word_1_253' title='bbox 992 3690 1058 3763; x_wconf 89' lang='lat' dir='ltr'>srnt</span> <span class='ocrx_word' id='word_1_254' title='bbox 1072 3684 1280 3765; x_wconf 71' lang='lat' dir='ltr'>tribuendae.</span> 
     </span>
    </p>
   </div>
   <div class='ocr_carea' id='block_1_18' title="bbox 798 3870 1203 3959">
    <p class='ocr_par' dir='ltr' id='par_1_18' title="bbox 798 3870 1203 3959">
     <span class='ocr_line' id='line_1_33' title="bbox 798 3870 1203 3959; baseline -0.017 -14"><span class='ocrx_word' id='word_1_255' title='bbox 798 3870 1123 3959; x_wconf 74' lang='lat' dir='ltr'>scHoLron</span> <span class='ocrx_word' id='word_1_256' title='bbox 1173 3890 1203 3939; x_wconf 78' lang='lat' dir='ltr'>a</span> 
     </span>
    </p>
   </div>
   <div class='ocr_carea' id='block_1_19' title="bbox 326 4010 1670 4224">
    <p class='ocr_par' dir='ltr' id='par_1_19' title="bbox 326 4010 1670 4224">
     <span class='ocr_line' id='line_1_34' title="bbox 436 4010 1670 4115; baseline -0.013 -16"><span class='ocrx_word' id='word_1_257' title='bbox 436 4030 509 4113; x_wconf 85' lang='lat'>868.</span> <span class='ocrx_word' id='word_1_258' title='bbox 533 4024 585 4097; x_wconf 83' lang='lat' dir='ltr'>Ex</span> <span class='ocrx_word' id='word_1_259' title='bbox 609 4024 661 4095; x_wconf 85' lang='lat' dir='ltr'>hic</span> <span class='ocrx_word' id='word_1_260' title='bbox 679 4024 779 4092; x_wconf 88' lang='lat' dir='ltr'>etiam</span> <span class='ocrx_word' id='word_1_261' title='bbox 804 4027 890 4093; x_wconf 88' lang='lat' dir='ltr'>ratio</span> <span class='ocrx_word' id='word_1_262' title='bbox 911 4014 1168 4093; x_wconf 73' lang='lat' dir='ltr'>conllrudlionis</span> <span class='ocrx_word' id='word_1_263' title='bbox 1196 4012 1368 4091; x_wconf 86' lang='lat' dir='ltr'>turbinum</span> <span class='ocrx_word' id='word_1_264' title='bbox 1389 4010 1612 4115; x_wconf 85' lang='lat' dir='ltr'>perspicitur,</span> <span class='ocrx_word' id='word_1_265' title='bbox 1635 4028 1670 4083; x_wconf 83' lang='lat' dir='ltr'>ut</span> 
     </span>
     <span class='ocr_line' id='line_1_35' title="bbox 326 4114 1670 4224; baseline -0.017 -20"><span class='ocrx_word' id='word_1_266' title='bbox 326 4127 489 4204; x_wconf 82' lang='lat' dir='ltr'>facillime</span> <span class='ocrx_word' id='word_1_267' title='bbox 502 4146 632 4197; x_wconf 87' lang='lat' dir='ltr'>motum</span> <span class='ocrx_word' id='word_1_268' title='bbox 647 4127 855 4224; x_wconf 87' lang='lat' dir='ltr'>gyratorium</span> <span class='ocrx_word' id='word_1_269' title='bbox 873 4128 1062 4219; x_wconf 87' lang='lat' dir='ltr'>recipiant,</span> <span class='ocrx_word' id='word_1_270' title='bbox 1090 4115 1145 4191; x_wconf 89' lang='lat' dir='ltr'>seu</span> <span class='ocrx_word' id='word_1_271' title='bbox 1159 4136 1197 4189; x_wconf 89' lang='lat' dir='ltr'>ut</span> <span class='ocrx_word' id='word_1_272' title='bbox 1212 4122 1349 4188; x_wconf 86' lang='lat' dir='ltr'>minima</span> <span class='ocrx_word' id='word_1_273' title='bbox 1364 4116 1513 4189; x_wconf 77' lang='lat' dir='ltr'>celeritas</span> <span class='ocrx_word' id='word_1_274' title='bbox 1537 4114 1670 4214; x_wconf 84' lang='lat' dir='ltr'>angula-</span> 
     </span>
    </p>
   </div>
   <div class='ocr_carea' id='block_1_20' title="bbox 329 4216 1669 4325">
    <p class='ocr_par' dir='ltr' id='par_1_20' title="bbox 329 4216 1669 4325">
     <span class='ocr_line' id='line_1_36' title="bbox 329 4216 1669 4325; baseline -0.018 -20"><span class='ocrx_word' id='word_1_275' title='bbox 329 4237 375 4305; x_wconf 83' lang='lat' dir='ltr'>ris</span> <span class='ocrx_word' id='word_1_276' title='bbox 392 4228 433 4301; x_wconf 80' lang='lat' dir='ltr'>ad</span> <span class='ocrx_word' id='word_1_277' title='bbox 452 4231 519 4299; x_wconf 90' lang='lat' dir='ltr'>hoc</span> <span class='ocrx_word' id='word_1_278' title='bbox 546 4224 696 4299; x_wconf 87' lang='lat' dir='ltr'>sufficere</span> <span class='ocrx_word' id='word_1_279' title='bbox 717 4220 824 4325; x_wconf 82' lang='lat' dir='ltr'>poffit.</span> <span class='ocrx_word' id='word_1_280' title='bbox 884 4224 1017 4295; x_wconf 81' lang='lat' dir='ltr'>Scilicet</span> <span class='ocrx_word' id='word_1_281' title='bbox 1039 4225 1118 4293; x_wconf 86' lang='lat' dir='ltr'>curn¹</span> <span class='ocrx_word' id='word_1_282' title='bbox 1138 4218 1289 4321; x_wconf 72' lang='lat' dir='ltr'>celeriter</span> <span class='ocrx_word' id='word_1_283' title='bbox 1310 4216 1475 4317; x_wconf 85' lang='lat' dir='ltr'>angularis</span> <span class='ocrx_word' id='word_1_284' title='bbox 1496 4222 1590 4286; x_wconf 90' lang='lat' dir='ltr'>initio</span> <span class='ocrx_word' id='word_1_285' title='bbox 1607 4217 1669 4282; x_wconf 88' lang='lat' dir='ltr'>iur-</span> 
     </span>
    </p>
   </div>
   <div class='ocr_carea' id='block_1_21' title="bbox 330 4320 1675 4493">
    <p class='ocr_par' dir='ltr' id='par_1_21' title="bbox 330 4320 1675 4493">
     <span class='ocr_line' id='line_1_37' title="bbox 330 4320 1675 4493; baseline -0.016 -36"><span class='ocrx_word' id='word_1_286' title='bbox 330 4374 440 4487; x_wconf 85' lang='lat' dir='ltr'>prelsa</span> <span class='ocrx_word' id='word_1_287' title='bbox 455 4384 563 4475; x_wconf 80' lang='lat' dir='ltr'>ruajor</span> <span class='ocrx_word' id='word_1_288' title='bbox 581 4372 645 4453; x_wconf 86' lang='lat' dir='ltr'>esse</span> <span class='ocrx_word' id='word_1_289' title='bbox 661 4373 786 4479; x_wconf 68' lang='lat' dir='ltr'>debeat⁸</span> <span class='ocrx_word' id='word_1_290' title='bbox 797 4404 894 4481; x_wconf 82' lang='lat' dir='ltr'>qnam</span> <span class='ocrx_word' id='word_1_291' title='bbox 913 4320 1074 4493; x_wconf 46' lang='grc' dir='ltr'>Ψ.</span> <span class='ocrx_word' id='word_1_292' title='bbox 1093 4390 1191 4480; x_wconf 39' lang='lat' dir='ltr'>patet·</span> <span class='ocrx_word' id='word_1_293' title='bbox 1198 4358 1337 4469; x_wconf 70' lang='lat' dir='ltr'>turbidis</span> <span class='ocrx_word' id='word_1_294' title='bbox 1352 4370 1493 4467; x_wconf 85' lang='lat' dir='ltr'>figuram</span> <span class='ocrx_word' id='word_1_295' title='bbox 1508 4358 1675 4457; x_wconf 84' lang='lat' dir='ltr'>ejusmodi</span> 
     </span>
    </p>
   </div>
   <div class='ocr_carea' id='block_1_22' title="bbox 977 4492 1679 4587">
    <p class='ocr_par' dir='ltr' id='par_1_22' title="bbox 977 4492 1679 4587">
     <span class='ocr_line' id='line_1_38' title="bbox 977 4492 1679 4587; baseline -0.024 0"><span class='ocrx_word' id='word_1_296' title='bbox 977 4514 1065 4587; x_wconf 89' lang='lat' dir='ltr'>Ccc</span> <span class='ocrx_word' id='word_1_297' title='bbox 1610 4492 1679 4571; x_wconf 79' lang='lat' dir='ltr'>effe</span> 
     </span>
    </p>
   </div>
   <div class='ocr_carea' id='block_1_23' title="bbox 0 0 2050 5134">
    <p class='ocr_par' dir='ltr' id='par_1_23' title="bbox 0 0 2050 5134">
     <span class='ocr_line' id='line_1_39' title="bbox 0 0 2050 5134; baseline 0 0"><span class='ocrx_word' id='word_1_298' title='bbox 0 0 2050 5134; x_wconf 95' lang='lat' dir='ltr'> </span> 
     </span>
    </p>
   </div>
  </div>
 </body>
</html>
