4092 5134
425 340 766 539 ‘tenuatum
803 396 1081 487 tunuuun
1117 400 1182 487 uu
1215 400 1463 493 tusorum
1498 340 1595 505 &a
1637 434 1704 524 501
1870 395 1875 404 ’

866 590 1116 665 conone
1164 610 1201 685 4
1303 680 1307 689 ¹

457 734 543 809 1052.
556 702 803 787 ¹Metuorabilis
823 712 869 785 esi
885 720 984 786 etiam
998 726 1203 817 proprietas,
1226 718 1318 821 quod
1333 720 1491 820 angulum
1505 708 1534 819 ξ
1546 736 1580 815 «Ι-
1594 733 1627 821 φ
1643 720 1699 797 seu

353 817 509 923 DZQet
533 822 574 887 in·
589 816 646 915 fig.
668 838 740 911 140.
754 815 893 915 angulus
917 818 1010 911 DlQ
1030 818 1070 891 fit
1094 821 1254 893 coullaus.
1304 822 1405 894 Recta
1429 830 1521 895 'enim
1544 828 1618 921 Qts
1641 826 1700 898 fibi
1785 844 1794 855 '

350 944 518 1021 perpetuo
535 920 679 989 mauebit
695 915 873 1012 parallela,
897 934 930 989 ct
949 925 1025 1017 quia
1039 920 1158 1019 globus
1175 928 1211 993 in
1227 943 1323 994 tnotu
1345 924 1552 1025 progressuro
1576 927 1698 1001 sollici·

334 1036 338 1045 '
353 1040 444 1092 tatur
459 1028 491 1093 vi
508 1020 677 1093 conllante
691 1016 754 1102 uu
772 1013 954 1089 secundum
976 1020 1118 1097 eandem
1140 1022 1364 1097 dircr‘lioneut
1377 1028 1419 1099 18
1437 1083 1449 1127 ‚
1472 1052 1573 1100 curva
1598 1030 1638 1101 ab
1652 1054 1697 1107 co
1767 1018 1773 1041 '

342 1119 517 1225 descripta
532 1124 581 1195 Gl
597 1120 753 1223 parabola
769 1118 808 1193 lit
824 1113 954 1193 necesse
976 1122 1033 1195 eil.

820 1288 1139 1367 SCHOLION.
1190 1314 1216 1365 t.

363 1428 365 1443 '
452 1442 540 1519 1053.
565 1422 633 1495 Hic
657 1438 768 1493 autem
789 1442 900 1494 motus
920 1421 1041 1521 globi,
1064 1432 1112 1496 uti
1133 1423 1254 1495 nollris
1277 1420 1435 1499 formulis
1455 1426 1509 1499 ell'
1524 1425 1696 1520 definitur,

340 1520 472 1597 -diutiue
495 1548 565 1595 non
581 1520 702 1608 durat,
728 1548 828 1621 quam
846 1550 962 1595 revera
981 1522 1096 1596 frislio
1113 1522 1226 1611 adesi,
1250 1520 1305 1595 seu
1329 1525 1464 1623 planum
1480 1527 1696 1617 horizontale

348 1630 388 1699 in
403 1626 530 1725 punt‘lo
548 1624 719 1695 contadlus
733 1626 770 1695 Τ
786 1623 924 1696 raditur.
975 1630 1009 1698 st
1028 1632 1120 1698 enim
1142 1631 1298 1713 eveniat,
1321 1646 1359 1697 ut
1378 1628 1462 1703 rasio
1479 1623 1578 1700 celset
1596 1686 1607 1715 ,
1637 1626 1695 1701 scu

324 1790 329 1797 .
351 1726 501 1799 celeritas
529 1723 647 1797 radens
669 1731 702 1797 in
721 1728 759 1797 T
784 1722 986 1814 evanescat,
1016 1722 1124 1801 subito
1146 1724 1262 1799 sridlio
1291 1727 1481 1816 evanescit,
1509 1720 1694 1801 formulae·

320 1837 329 1847 '
349 1856 414 1931 que
433 1835 585 1911 inventae
599 1852 670 1899 non
682 1826 821 1927 aruplius
838 1827 950 1900 locum
966 1829 1101 1903 habent.
1151 1832 1248 1901 Tum
1265 1833 1368 1927 igitur
1383 1830 1503 1931 globus
1517 1851 1613 1903 motu
1624 1852 1694 1901 tam

347 1926 582 2033 progressive,
622 1954 721 2028 quatu
744 1936 917 2029 gyratorio
939 1926 1157 2001 uniformiter
1186 1936 1221 2001 in
1247 1926 1413 2005 diret‘tnn
1442 1928 1692 2033 progredietur,

348 2058 459 2133 neque
483 2038 550 2103 axia
572 2034 758 2131 gyrationis
780 2030 881 2103 ullam
901 2030 1043 2129 arttpliua
1061 2036 1283 2103 mutationem
1301 2038 1458 2129 patietur.
1517 2030 1609 2105 nest
1632 2032 1693 2105 lla·

347 2138 406 2209 tim
420 2137 524 2207 britio
539 2150 649 2203 motus
667 2130 771 2231 globo
794 2126 968 2231 impressus
994 2138 1040 2204 ita
1062 2128 1166 2205 suerit
1187 2130 1421 2232 comparatus,
1447 2151 1485 2204 ut
1504 2130 1620 2204 frisiio
1643 2126 1695 2204 lu'·

346 2224 414 2315 erit
430 2234 532 2322 nulla,
545 2230 639 2335 quod
662 2239 786 2320 evenit,
801 2232 825 2304 si
840 2255 906 2304 taut
924 2238 990 2325 esst
998 2238 1016 2326 f
1026 2234 1109 2330 cosp
1124 2264 1162 2300 τ.-
1172 2238 1472 2333 oquame=21st
1491 2235 1508 2323 f
1510 2238 1545 2329 st
1553 2238 1585 2332 β,
1599 2232 1693 2305 dein-

348 2364 425 2437 ceps
443 2344 542 2421 etiam
556 2333 675 2437 globus
692 2332 818 2405 nullam
834 2331 1032 2405 fridilonem
1048 2328 1187 2419 sentiet,
1214 2353 1248 2405 et
1263 2334 1369 2405 llatim
1391 2334 1431 2403 ab
1446 2341 1544 2405 initio
1559 2354 1694 2406 motum

345 2434 591 2539 progressurum
616 2430 831 2506 uniformiter
854 2440 889 2505 in
912 2431 1077 2506 direslum
1099 2429 1349 2533 prosequetur,
1374 2432 1538 2533 simulque
1561 2432 1691 2507 unifor-

346 2546 446 2623 miter
465 2545 552 2611 circa
568 2535 712 2609 eundem
735 2562 830 2607 axem
844 2536 1025 2635 gyrabitur.
1074 2532 1245 2605 Verutnfi
1268 2539 1405 2633 corpori
1427 2536 1466 2604 ab
1487 2540 1585 2607 initio
1610 2536 1692 2607 aliua

344 2660 459 2715 motus
485 2646 675 2742 quicumque
697 2632 802 2708 fuerit
821 2630 1022 2733 impressus,
1053 2628 1185 2733 semper
1206 2634 1318 2735 aliquo
1341 2657 1495 2735 ternpore
1515 2628 1626 2735 elapso
1648 2661 1692 2708 eo

301 2824 303 2829 ,
342 2740 558 2829 reducetur,
591 2760 626 2811 ut
650 2734 764 2809 sriclio
788 2733 996 2824 evanescat,
1029 2734 1174 2835 indeque
1197 2754 1330 2807 rnomm
1350 2733 1445 2807 suum
1468 2732 1687 2808 uniformiter

339 2840 591 3021 prosequetur5
623 2834 716 2939 quod
746 2838 964 2913 memorabile
992 2844 1155 2939 temporis
1183 2836 1348 2937 puniiuru
1372 2842 1410 2913 in
1431 2834 1581 2941 sequenti
1601 2862 1685 2938 pro·
1764 2938 1771 2951 ἢ
1814 2906 1817 2911 ,

365 2946 492 3021 lemare·
506 2940 783 3042 ittvelligabiruus.

818 3104 1138 3179 scHottou.
1187 3126 1220 3179 2.

441 3222 533 3327 1654.
561 3234 655 3327 Quae
686 3238 720 3303 in
755 3226 919 3304 solutione
946 3228 1162 3330 problematis
1189 3230 1396 3319 elicuirnue',
1434 3236 1502 3305 huc
1518 3228 1683 3311 redeunte

337 3336 391 3409 Ex
408 3356 501 3408 motu
517 3342 665 3435 primum
682 3327 839 3429 impresso
852 3336 1012 3405 babemus
1037 3330 1241 3405 celeritatem
1258 3354 1372 3409 tnotua
1395 3330 1592 3435 progtelstui
1612 3356 1683 3403 :t

337 3434 520 3511 secundum
537 3432 757 3507 dire'eliouem
781 3437 855 3509 Dlt
879 3432 953 3506 aest
981 3453 1121 3533 geretur
1138 3440 1226 3505 circa
1249 3460 1343 3508 axem
1360 3441 1410 3509 10
1432 3436 1602 3509 celeritate
1623 3436 1765 3539 aml'ig.
1786 3458 1859 3530 139.

337 3538 444 3653 gulari
463 3564 479 3609 t
496 3545 528 3611 in
550 3534 679 3609 sensum
697 3538 780 3607 ΑΕΒ
811 3534 865 3607 seu
894 3537 983 3611 Zet
998 3538 1055 3621 D,
1076 3540 1133 3630 qui
1157 3532 1267 3623 sensus
1280 3538 1461 3635 antrorfitm
1479 3536 1608 3609 {endem
1634 3532 1684 3605 di-

336 3634 470 3723 ci'siolet
486 3689 499 3727 ,
524 3637 691 3739 fiteritque
707 3664 799 3708 arcus
815 3638 880 3713 ΖΟ
896 3670 933 3704 =
948 3640 964 3729 f
977 3655 1010 3708 et
1028 3634 1167 3735 angulus
1182 3640 1279 3709 DZO
1296 3644 1369 3736 :b
1387 3664 1398 3713 ε
1424 3658 1496 3709 trun
1521 3662 1604 3708 vero
1627 3662 1679 3707 ra.

330 3730 415 3823 diue,
426 3740 518 3841 globi
538 3738 573 3811 su
589 3774 627 3809 ε
635 3743 808 3838 fejruque
831 3755 1045 3811 momentum
1058 3742 1198 3809 inertiae
1227 3772 1268 3809 ε.-
1288 3739 1370 3811 Mae
1394 3734 1546 3839 respellu
1569 3744 1681 3807 omni·

333 3844 685 3933 umdiatnetrorum,
711 3838 869 3910 exisleute
893 3841 935 3909 M
955 3846 1026 3933 ejus
1050 3830 1171 3911 massa:
1200 3862 1240 3908 ex
1260 3840 1310 3909 his
1328 3839 1412 3909 datis
1434 3838 1606 3937 colligitur
1624 3863 1678 3908 ce·

316 3944 447 4041 ¹loricas
462 3928 580 4017 radens
595 3948 629 4013 in
643 3939 770 4043 pundo
786 3938 957 4015 conracius
968 3972 1008 4009 =
1020 3956 1064 4031 r
1082 3940 1144 4032 (ee
1162 3978 1199 3997 -
1215 3940 1351 4035 ΝΜ
1359 3936 1470 4135 Ἢ
1489 3936 1682 4131 qqpfip)

807 4064 809 4071 Ι
1327 4086 1363 4105 -·
1468 4068 1500 4111 (0

337 4107 616 4213 quac'siponatur
627 4114 705 4195 zi,
717 4126 893 4210 quaeratur
909 4104 1048 4209 angulus
1057 4095 1092 4206 ζ,
1107 4100 1230 4199 utlitst
1239 4086 1314 4205 ζ;
1329 4142 1554 4251 -Γ-
1573 4122 1607 4179 et
1631 4104 1684 4197 eol

919 4406 960 4423 ..
974 4338 1010 4451 ζ,
1028 4353 1161 4456 eritque
1173 4338 1384 4459 tqdireuto
1395 4360 1508 4421 motus
1523 4338 1681 4418 radentia.
1765 4302 1769 4309 Ι

924 4526 1023 4605 ·Rrr
1041 4554 1069 4633 Ι3
1550 4504 1553 4509 ’
1578 4521 1678 4595 Tum
