4092 5134
534 430 635 505 100¹
689 319 923 497 emur
937 404 1009 494 ur.
1049 398 1132 489 ns
1145 395 1695 517 MOTURESPECT1y0
1753 364 1759 381 '

537 597 781 699 tempusculum
794 597 840 672 dr
854 603 889 669 in
911 596 1011 669 ansbo
1035 589 1231 692 corpuscula
1254 609 1363 692 agant,-
1376 596 1469 685 prius
1483 595 1514 665 A
1529 618 1633 692 aeque
1657 617 1701 677 ex
1712 594 1748 667 α’
1762 582 1878 667 deson

561 703 702 789 uebitur,
718 719 815 799 atque
833 704 922 792 exa',
945 716 978 770 et
987 694 1151 795 posserius
1167 696 1305 793 Baeque
1326 684 1565 794 exs'atqucex
1580 692 1627 770 b‘r
1652 691 1763 794 sicque
1777 700 1881 773 etism

535 732 602 876 sure
617 829 725 876 novae
744 806 831 871 vires
853 795 957 869 maists
978 792 1249 897 proportionales
1271 789 1464 887 accesserint
1484 793 1552 867 five
1566 790 1657 867 secus
1675 852 1686 882 ,
1706 792 1798 873 idem
1820 792 1879 869 ad.

534 907 600 976 huc
616 903 693 977 situs
707 901 862 975 relativus
877 896 1135 971 conservabitur.
1184 898 1349 968 Ponamus
1359 902 1484 984 enim,a
1501 896 1625 969 viribus
1640 903 1785 995 propriis
1801 924 1880 971 cor·

533 1002 709 1105 puseolum
724 1007 754 1073 Λ
771 1028 810 1087 ex
824 1002 853 1073 α’
868 1008 903 1072 in
919 1027 951 1071 m
971 992 1173 1082 transferri,¹
1186 993 1345 1099 idemque
1360 1024 1399 1068 ex
1413 1000 1447 1068 α’
1462 1002 1497 1067 in
1514 1023 1563 1096 μ,
1578 995 1819 1086 transferetur,
1840 1016 1881 1070 ut
1924 1007 1927 1017 '

534 1106 574 1181 fit
590 1108 652 1177 a‘m
668 1102 850 1204 aequalest
871 1098 1066 1203 parallelum
1087 1096 1146 1197 ipsr
1162 1096 1253 1196 α’μς
1287 1098 1384 1171 sunili
1411 1093 1518 1169 modo
1544 1098 1832 1199 sicorpusculum
1855 1103 1882 1173 B

535 1232 552 1277 a
574 1210 718 1303 propriis
737 1204 878 1297 uiribus¹
894 1198 984 1301 exd'
1007 1207 1044 1273 in
1067 1228 1089 1272 n
1115 1196 1327 1297 transfertur,
1345 1196 1436 1272 idem
1457 1224 1499 1272 ex
1515 1190 1596 1271 c‘tn
1617 1225 1632 1271 r
1650 1197 1882 1301 transferetur,

534 1325 571 1378 ut
586 1304 624 1376 su
643 1302 698 1380 C'r
713 1304 847 1404 aequale
867 1323 901 1376 et
920 1300 1113 1404 parallelum
1127 1299 1186 1400 ipsu
1200 1300 1269 1377 lt‘n.
1320 1304 1409 1374 Cum
1425 1307 1527 1403 igitur
1540 1320 1661 1400 puncta
1676 1330 1707 1400 μ
1720 1321 1781 1375 etr
1799 1330 1881 1377 eun·

534 1405 611 1478 dem
628 1407 724 1479 stum
740 1407 915 1478 relativum
933 1422 1079 1491 teneant,
1091 1429 1192 1503 quem
1205 1419 1327 1500 puncta
1343 1429 1376 1477 m
1391 1421 1424 1476 et
1439 1427 1472 1489 n,
1481 1420 1568 1503 patet
1584 1407 1696 1491 ctiam,
1719 1410 1880 1509 temporit

532 1503 711 1582 successus
727 1508 850 1581 viribus
868 1506 932 1579 illis
948 1500 1083 1605 iusuper
1098 1501 1234 1598 adjectis
1249 1501 1349 1577 srttun
1366 1503 1544 1576 relativum
1559 1530 1632 1578 nou
1646 1511 1781 1581 mutari.

1008 1659 1308 1732 Pronurus.
1351 1680 1415 1751 .19.

403 1830 411 1850 ,
463 1837 467 1843 ,
630 1782 693 1852 255.
719 1762 755 1833 Si
775 1756 1012 1861 corpusculum
1029 1758 1245 1829 Bmoveatur
1267 1776 1450 1859 utcumque
1468 1778 1488 1825 a
1508 1753 1634 1828 viribus
1653 1752 1881 1857 sollicitatum,
1920 1800 1923 1805 -

372 1826 444 1927 1³¹3·
454 1850 502 1923 ²5·
531 1852 600 1955 ejus
621 1858 774 1960 respectu
789 1858 1013 1933 determinare
1031 1878 1165 1931 motum
1180 1854 1402 1958 respectiuum
1425 1854 1616 1955 corpusculi
1635 1860 1695 1947 A,
1720 1855 1882 1961 quodetq

532 1968 600 2037 iam
615 1989 633 2035 a
649 1963 772 2037 viribus
789 1955 1281 2065 quibuscunquesollicitatum
1305 1980 1487 2062 utcumque
1508 1976 1696 2033 moveatur.
1802 1962 1806 1967 ’

636 2220 853 2315 imprimatur
867 2219 964 2286 initio
979 2217 1111 2315 utrique
1128 2220 1267 2321 corpori
1285 2235 1398 2287 motus
1411 2212 1459 2305 'ae
1484 2213 1567 2287 ualis
1585 2234 1618 2290 et
1634 2210 1821 2301 contrarius
1838 2221 1883 2305 ei,

535 2344 604 2420 quo
637 2338 715 2390 tune
746 2315 994 2415 ,corpruculum
1019 2318 1044 2387 B
1067 2313 1214 2406 fertur,
1253 2342 1291 2389 ac
1324 2322 1437 2417 primo
1460 2242 1576 2390 latrem
1601 2336 1780 2391 momento
1804 2344 1883 2391 cor·

558 2418 710 2492 usculum
749 2424 786 2491 iu
814 2423 961 2518 quietem
993 2414 1202 2519 redigetur:
1240 2416 1340 2490 ambo
1370 2435 1482 2492 autem
1523 2446 1669 2522 corpora
1699 2436 1796 2491 motu
1829 2446 1883 2494 re·

532 2446 640 2592 latino
669 2528 757 2593 inter
783 2515 817 2591 se
849 2516 999 2617 perinde.
1017 2515 1208 2607 incedent,
1251 2518 1339 2593 actii
1364 2520 1423 2593 isle
1462 2539 1572 2593 motus
1619 2526 1807 2603 communis
1842 2520 1883 2595 il·

539 2618 578 2692 lis
594 2648 664 2695 non
678 2615 787 2694 suisset
803 2616 1004 2718 impressus:
1032 2627 1230 2721 quinetiam
1250 2648 1329 2693 cum
1354 2639 1484 2694 tantum
1504 2627 1539 2693 in
1558 2623 1640 2696 llatu
1666 2630 1783 2695 initiali
1798 2626 1893 2696 haer¹

537 2728 679 2797 nruutio
701 2723 741 2796 fit
759 2720 869 2808 saeta,
895 2729 1069 2821 utriusque
1092 2744 1204 2795 motus
1232 2718 1431 2825 subsequens
1456 2720 1574 2796 iisdem
1594 2721 1753 2797 formulis
1774 2732 1884 2827 expri-

535 2841 653 2895 metur.
706 2821 953 2921 Corpusculum
970 2848 1053 2896 vero
1072 2828 1121 2914 B,
1151 2846 1311 2925 quatenus
1329 2833 1453 2898 actioni
1476 2832 1600 2898 virium
1623 2828 1668 2899 esl
1686 2825 1883 2931 lubjcctum²

538 2921 692 3023 deinceps
715 2924 852 3027 quidem
872 2926 1092 3023 movebitur3
1114 2951 1237 2997 verum
1259 2925 1287 2997 fi
1311 2924 1346 2996 id
1369 2932 1533 2999 continuo
1556 2923 1690 3027 insuper
1716 2956 1735 3000 a
1756 2930 1883 3003 viribus

539 3026 592 3097 his
610 3033 788 3099 contrariis
808 3045 842 3099 et
857 3026 1048 3128 aequalibus
1064 3032 1185 3125 agitur,
1204 3030 1445 3125 concipiamus,
1463 3044 1499 3098 ut
1516 3027 1649 3100 illarum
1666 3024 1804 3104 effectus
1824 3028 1883 3105 dc·

538 3124 708 3222 slruatur,
729 3127 764 3200 id
778 3148 943 3230 perpetuo
959 3132 994 3199 in
1011 3134 1124 3227 quiete
1142 3123 1374 3227 perseverabit.
1439 3129 1552 3222 Quare
1578 3155 1620 3203 ne
1638 3148 1751 3205 moure
1770 3131 1884 3208 relati·

538 3252 599 3298 uus
613 3229 790 3320 turbetur,
821 3235 1049 3329 concipiamus
1072 3234 1171 3300 ctiam
1193 3228 1395 3328 corpusculo
1417 3230 1600 3331 Asrugulis
1626 3240 1788 3332 temporis
1807 3263 1885 3309 mo·

538 3336 660 3402 mentis
676 3329 797 3405 similes
814 3338 901 3405 vires
924 3329 1109 3430 applicari,
1135 3358 1220 3432 quae
1242 3327 1368 3404 scilicet
1386 3328 1450 3403 fiut
1474 3340 1662 3408 contrariae
1687 3334 1752 3407 illis
1769 3345 1885 3438 ,flqui-

447 3518 450 3523 .
538 3430 597 3504 bus
614 3434 850 3533 corpusculum
867 3436 893 3504 B
917 3428 1138 3529 sollicitatur,
1165 3430 1206 3504 ad
1232 3459 1351 3535 easque
1380 3427 1414 3504 se
1442 3435 1584 3509 habeant
1608 3457 1646 3509 ut
1666 3434 1767 3511 rnaffa
1791 3444 1823 3512 A
1844 3439 1888 3513 ad

536 3529 672 3607 massam
704 3537 740 3611 B.
809 3537 888 3621 Hoc
913 3531 1020 3607 modo
1044 3533 1281 3632 corpusculmu
1302 3540 1328 3609 B
1349 3532 1446 3634 plane
1465 3534 1508 3608 ad
1526 3545 1675 3640 quietem
1691 3538 1880 3640 redigetur,

536 3653 634 3708 motu
646 3633 819 3706 alteriusA
832 3631 983 3731 respectu
999 3638 1096 3729 lmjus
1113 3661 1183 3707 non
1201 3653 1345 3721 mutato,
1353 3642 1484 3732 critque
1493 3665 1577 3739 ergo
1586 3638 1645 3713 isse
1659 3659 1771 3713 motus
1782 3640 1883 3742 ipsius

536 3738 567 3810 A
584 3742 653 3827 ejus
672 3750 781 3814 ruotus
804 3730 1019 3833 respectivus,
1044 3735 1148 3836 qualis
1171 3733 1350 3832 spectatori
1365 3744 1401 3808 in
1424 3741 1641 3814 Bconllituto
1661 3740 1741 3818 esset
1753 3753 1885 3845 appari·

461 3880 468 3889 ·
534 3853 640 3911 turm.
695 3830 748 3907 Ad
764 3837 854 3908 hune
871 3841 974 3937 igitur
988 3857 1118 3909 motum
1143 3836 1366 3939 respectivum
1389 3864 1450 3938 per
1474 3841 1638 3914 calculum
1659 3843 1886 3923 determinan-

535 3933 642 4022 dum,
679 3936 915 4036 corpusculum
935 3943 994 4012 Aa
1013 3936 1151 4040 duplicis
1173 3947 1303 4041 generis
1320 3942 1444 4014 viribus
1467 3938 1640 4015 sollicitari
1664 3948 1710 4017 cll
1732 3948 1884 4025 conlide-

534 4034 702 4125 raudum,
729 4044 841 4137 primo
860 4035 986 4114 scilicet
1006 4042 1052 4117 ,ab
1072 4048 1111 4113 iis
1141 4041 1215 4140 ipsrs
1230 4043 1373 4129 viribus,
1386 4043 1503 4144 quibus
1531 4070 1649 4119 revera
1665 4043 1885 4130 sollicitatura

534 4133 656 4212 deiude
680 4144 794 4230 vires,
831 4141 948 4241 quibus
972 4143 1209 4245 corpusculum
1231 4148 1256 4216 B
1281 4141 1513 4234 sollicitatur,
1546 4153 1583 4218 in
1611 4154 1743 4224 ratione
1766 4151 1885 4228 massa·

534 4262 611 4312 rum
636 4234 770 4311 Bada
798 4262 980 4342 augeantur
1010 4245 1066 4319 vel
1095 4252 1288 4317 instruantur
1311 4303 1321 4335 ,
1356 4267 1455 4348 atquc
1475 4242 1656 4319 secundum
1680 4250 1884 4331 directiones

534 4345 716 4413 contrarias
746 4342 946 4443 corpusculo
978 4349 1005 4417 A
1042 4342 1178 4444 insuper
1220 4346 1400 4447 applicatae
1434 4347 1672 4439 intelligantur.
1751 4358 1802 4430 Ex
1830 4364 1884 4433 his

531 4442 658 4530 uiribus
674 4462 800 4548 „motus
827 4446 1026 4555 ‘corpusculi
1054 4450 1103 4546 A,
1129 4442 1323 4552 qualiuess‘et
1356 4436 1560 4540 absolutus,
1605 4480 1667 4556 per
1702 4483 1885 4563 praecepta

1803 4584 1883 4637 mlle
