4092 5134
565 338 568 345 ’
1134 280 1148 303 s
1482 312 1491 351 i

172 354 176 361 ’
245 424 248 433 ·
332 420 452 513 ⁶„
866 391 1108 485 carue.
1141 395 1170 483 1.

287 689 294 703 ¹
334 616 467 679 moneat
498 610 686 681 remotum,
725 604 798 661 urm
830 584 991 687 punclum
1019 585 1051 655 0
1080 580 1233 686 respectu
1259 540 1413 687 eorporis
1444 588 1474 659 A
1511 587 1688 683 quiescere

243 773 255 783 .,
337 704 485 812 dicitur.¹
592 738 601 761 ·
1129 730 1133 737 ·
1451 732 1474 775 ,
1724 706 1727 711 ·

881 841 1146 934 conorr.s

438 1017 470 1088 3.
495 1001 550 1071 En
563 1018 646 1096 ergo
665 989 789 1065 realem
806 995 925 1092 quictis
952 987 1187 1066 definitionem
1209 989 1309 1066 nullis
1322 989 1406 1063 ideis
1423 982 1587 1093 vagis1seu
1607 993 1690 1095 ima
1711 987 1717 999 '

341 1109 476 1210 ginariis
507 1098 729 1198 implicatam,
781 1119 854 1193 quae
878 1111 991 1165 alutem
1024 1096 1202 1190 conjuncla
1235 1093 1281 1167 ess
1312 1090 1482 1165 cumides
1505 1100 1691 1190 cujuspiam

341 1210 508 1307 corporis,
533 1207 625 1293 cujus
638 1192 696 1269 res
715 1194 790 1267 edlu
805 1195 1190 1297 prutiltrquniescere
1206 1193 1345 1268 dicitnr:
1369 1221 1478 1294 neque
1492 1190 1691 1297 patenquid

339 1308 381 1387 nt
397 1313 490 1409 quies
510 1297 655 1376 absolute
677 1223 722 1372 lic
737 1293 824 1371 ditia
837 1294 984 1394 separata
1000 1323 1017 1367 a
1034 1297 1106 1369 talis
1120 1304 1274 1400 corporis
1296 1302 1448 1373 notione.

831 1450 1158 1528 EXPLICAYIO.
1180 1478 1205 1526 r.

442 1636 465 1706 9
491 1610 626 1684 Verum
652 1607 707 1677 hic
728 1606 764 1675 in
782 1603 898 1677 limine
921 1606 1131 1679 Mechauicae
1148 1631 1191 1678 ne
1221 1598 1355 1678 solliciti
1378 1600 1514 1704 quidem
1543 1592 1609 1675 elle
1633 1592 1692 1669 de·

272 1730 277 1741 '
341 1715 459 1787 bernus
482 1709 523 1782 de
547 1717 661 1812 quiete
688 1701 861 1793 absoluta,
911 1732 996 1806 quae
1023 1732 1065 1777 an
1081 1707 1122 1781 lit
1143 1725 1178 1778 et
1199 1704 1318 1805 qualis,
1338 1713 1437 1780 etiarn
1454 1731 1543 1777 nunc
1557 1695 1692 1802 prorsus

147 1812 175 1819 ’
232 1859 237 1877 ·
342 1821 560 1916 ignoramus,
592 1818 628 1881 in
651 1805 687 1879 id
711 1826 840 1878 tantum
860 1813 1087 1907 inquirentes,
1134 1804 1217 1908 quid
1241 1803 1353 1881 sensus
1382 1812 1480 1881 nobis
1511 1800 1696 1879 ostendant.

342 1918 546 2011 Ubicunque
560 1930 672 1982 autem
691 1908 787 1981 nobis
814 1906 855 1980 de
878 1916 989 2009 quiete
1013 1911 1059 1982 ell
1074 1907 1206 1997 senno,
1244 1905 1374 2011 semper
1394 1912 1507 1985 nollra
1524 1905 1596 1979 idea
1612 1929 1696 1976 con·

344 2015 456 2112 irradia
469 2013 514 2085 cll
534 2039 611 2084 cnm
629 2036 774 2111 corpore
789 2016 968 2110 quopiam,
996 2019 1088 2106 cujus
1104 2009 1255 2112 respetflu
1268 2038 1389 2114 corpus
1407 2012 1463 2085 vsl
1481 2017 1591 2109 potius
1611 2030 1696 2121 pun·

344 2118 439 2188 cltum
456 2119 628 2214 quiescere
644 2110 802 2185 dicamus.
851 2116 901 2185 Ita
917 2117 1149 2213 navigantibus
1170 2139 1332 2212 corpora,
1373 2141 1446 2216 quat
1469 2107 1620 2210 rcspeilu
1637 2132 1714 2178 ιιι..

343 2224 395 2291 uis
422 2213 567 2301 eumdem
589 2213 688 2288 litum
706 2220 875 2312 retinent,
901 2220 1074 2314 quiescere
1096 2213 1272 2303 dicuntnrs
1288 2243 1382 2316 arque
1404 2243 1442 2289 ac
1457 2241 1519 2286 nos
1537 2212 1697 2283 inconti-

346 2323 442 2395 nenti
460 2313 627 2389 versantes
643 2317 853 2414 corporibus,
869 2315 1019 2415 respeilu
1036 2314 1098 2390 soli
1114 2315 1370 2391 eundemfitum
1384 2315 1582 2401 tenentibus,
1604 2316 1699 2414 quie·-

346 2439 415 2494 teor
435 2417 584 2491 tribuere
604 2414 760 2494 solemus.
810 2419 931 2516 Neque
949 2416 998 2488 illi
1014 2425 1120 2519 tnagis
1136 2415 1207 2490 falli
1224 2415 1299 2490 sunt
1314 2416 1471 2518 putandi,
1497 2413 1591 2517 qnod
1605 2418 1699 2486 nauis

262 2566 265 2575 ·
352 2537 546 2608 moveatur,
580 2545 656 2590 curn
681 2514 984 2590 etiamuniuersam
1001 2519 1159 2592 tellurem
1176 2525 1309 2591 moueri
1334 2521 1529 2593 Allronorui
1550 2519 1702 2591 statuant.

353 2626 394 2696 Iu
410 2619 484 2694 idea
503 2622 593 2692 euim
635 2624 731 2691 uietis
747 2621 803 2689 hic
824 2617 979 2716 stabilita,
1019 2626 1160 2694 minime
1182 2647 1354 2708 curamus,
1386 2642 1500 2693 utrum
1517 2644 1639 2717 corpus
1661 2615 1701 2688 il·

353 2719 432 2820 lud,
456 2728 548 2815 cujus
565 2649 716 2821 rodperht
731 2725 879 2818 quietem
895 2716 1083 2811 afferimus,
1108 2730 1274 2825 quiescat,
1294 2749 1335 2795 an
1351 2743 1539 2796 moveatur.
1575 2723 1702 2817 Quaru-

297 2838 303 2845 '
352 2824 412 2899 diu
429 2829 519 2896 enim
537 2824 696 2920 pnnilunr
719 2816 918 2920 Orespcstu
943 2831 1098 2920 corporis
1121 2831 1151 2897 A
1169 2821 1314 2898 eundem
1330 2823 1428 2897 srtum
1446 2820 1644 2910 conservat,
1667 2816 1703 2893 id

326 2942 335 2950 '
352 2930 451 3017 hujus
470 2920 620 3018 respeiln
634 2930 805 3020 quiescere
828 2929 1100 3017 pronunciamus,
1111 2952 1218 3023 neque
1232 2932 1411 3025 quicquum
1429 2927 1514 2998 ultra
1529 2926 1591 2995 hac
1609 2923 1702 2996 locu·

330 3032 443 3107 ¹tione
469 3028 646 3090 inmrimns.
699 3022 798 3088 Noua
819 3020 915 3116 plane
936 3019 1048 3094 futura
1074 3020 1153 3095 ellet
1178 3027 1324 3124 qnacllio
1342 3023 1382 3096 de
1399 3035 1511 3126 quiete
1529 3024 1581 3097 uel
1606 3044 1704 3097 motu

275 3164 277 3169 ·
352 3122 450 3223 ipsun·
471 3128 626 3219 corporis
644 3125 674 3191 A
690 3117 822 3190 aliunde
838 3118 1067 3212 dijudicanda,
1095 3152 1180 3224 quse
1197 3126 1236 3197 ad
1253 3125 1343 3197 illam
1360 3126 1598 3200 definitionem
1617 3125 1704 3200 nihil

353 3221 536 3299 conferret.
586 3226 633 3294 ltu
654 3227 689 3292 iu
710 3226 806 3307 nervi,
836 3223 996 3323 quicquid
1018 3235 1088 3322 ejus
1115 3223 1265 3325 respetln
1288 3225 1431 3301 cundem
1459 3231 1557 3301 litum
1581 3224 1704 3315 servat,

354 3334 424 3424 ejus
440 3349 575 3427 quoque
589 3318 740 3422 respecJtu
756 3327 914 3424 quiescit,
937 3328 1091 3431 nihilque
1107 3330 1254 3417 interest,
1273 3350 1387 3403 utrum
1406 3328 1474 3433 ipsa
1488 3335 1582 3405 navis
1595 3334 1705 3432 quies·

354 3448 427 3518 cat,
445 3453 487 3501 an
500 3446 684 3500 moveatur.

837 3579 1162 3654 EXPLICATIO.
1186 3603 1216 3657 2.

459 3752 510 3806 10.
535 3724 613 3799 Idea
638 3732 737 3826 igitur
760 3731 881 3827 quietis
908 3731 964 3800 hic
987 3727 1109 3800 tradita
1130 3735 1217 3803 inter
1239 3728 1418 3825 relationes
1450 3736 1496 3808 cll
1518 3728 1708 3820 reserenda,

358 3854 435 3900 cnm
453 3856 525 3901 non
548 3854 588 3900 ex
611 3825 679 3899 sola
703 3826 898 3901 conditione
922 3831 1036 3927 pnncli
1054 3833 1103 3918 0,
1129 3837 1181 3902 cui
1200 3834 1375 3922 tribuitur,
1405 3830 1621 3923 'definrratnn
1651 3829 1711 3907 sed

358 3938 428 4023 ejus
449 3929 608 4003 eumalio
633 3928 779 4033 quodam
802 3957 947 4030 corpore
970 3950 1112 4004 externo
1139 3936 1389 4035 Acoruparatio
1407 3939 1616 4015 instituatur:
1669 3959 1712 4008 ex

384 4057 429 4101 uo
447 4032 470 4104 li
485 4032 580 4103 nobis
599 4058 747 4131 unquam
766 4029 859 4105 nolle
875 4032 994 4117 liceat,
1019 4058 1062 4103 an
1085 4029 1183 4106 detur
1207 4044 1301 4135 quies
1328 4034 1476 4109 absoluta
1496 4061 1529 4112 et
1550 4036 1635 4138 quid
1650 4035 1712 4111 stt?

358 4057 578 4203 dillinr‘lionis
596 4128 689 4202 cansa
706 4136 808 4219 hanc,
835 4161 936 4234 qnam
951 4132 1180 4221 definivimus,
1205 4144 1350 4236 quietem
1366 4136 1583 4237 reschlivam
1598 4136 1711 4239 appel·

363 4230 480 4304 lenms.
528 4238 636 4331 Atque
651 4235 729 4302 hinc
748 4233 855 4304 llatim
873 4255 979 4334 patet,
1012 4230 1215 4332 fieripoffc,
1247 4236 1586 4338 utidernpnncimm
1616 4236 1712 4340 quod

362 4328 514 4430 respeClu
538 4337 690 4431 corporis
714 4337 745 4404 A
766 4340 932 4433 quiescat,
967 4331 1120 4433 resperlu
1140 4336 1283 4409 aliorum
1305 4364 1489 4438 corporum
1508 4371 1580 4416 non
1601 4348 1712 4442 quies·

363 4452 438 4526 cat,
460 4428 515 4507 sed
537 4430 622 4508 adeo
637 4437 729 4509 varie
743 4456 933 4512 moveatur.
992 4432 1289 4533 Quemadmodum
1308 4467 1429 4543 corpus
1451 4450 1488 4519 iu
1511 4451 1589 4521 naui
1603 4449 1739 4548 quies·''

1630 4568 1715 4623 teil!
