4092 5134
522 330 525 339 ·
657 264 1076 475 Parmam.
1209 338 1225 446 j

178 544 303 655 tatur,
331 540 414 629 hae‘
426 526 539 631 vires
550 537 604 628 ad
620 541 737 658 binas
750 564 1015 659 revocentur,
1046 522 1225 662 quarum
1239 545 1366 663 altera
1375 514 1446 681 ipsi
1454 584 1553 647 cen-

175 716 241 781 tro
256 696 426 780 inertiae
440 690 488 777 fit
502 687 736 807 applicata,
760 712 934 809 tumque
948 724 1047 783 curn
1070 695 1193 809 hujus
1214 695 1386 786 effetlus
1408 701 1457 788 fit
1475 704 1548 791 de·

172 830 397 932 term'inatu
412 840 650 950 facillimus,
681 851 819 928 totum
836 846 1053 956 negotium
1077 872 1129 931 eo
1143 826 1272 955 redit,
1310 866 1357 939 ut
1376 845 1548 947 effedl‘us

173 996 233 1082 ab¹
243 1000 365 1081 unica
380 1019 629 1109 quacunque
649 991 694 1076 vi
708 972 1181 1127 produslus-definiatur.
1221 991 1547 1113 Quodfiminus

172 1142 410 1252 successerit,
441 1170 540 1228 cum
557 1140 677 1251 eavi,
692 1135 772 1224 alia
785 1167 1063 1256 quaecunque
1077 1164 1221 1229 centro
1236 1145 1406 1264 inertiae
1420 1142 1554 1261 ,appliq
1683 1174 1695 1182 ·

175 1316 281 1403 cata,
304 1295 579 1399 combinetur,
610 1315 660 1373 ac
675 1286 702 1371 s1
716 1284 887 1401 effedlus
911 1288 1008 1383 inde
1018 1288 1193 1401 junilim
1211 1291 1436 1421 produdlus
1459 1293 1547 1382 asst-

170 1448 288 1559 gnari
303 1444 475 1563 poterit,
506 1460 644 1525 totum
659 1435 1242 1551 negotium-eritconsedlum.
1301 1437 1383 1528 His
1407 1442 1546 1575 positis

168 1584 307 1706 ptimo
321 1588 605 1702 investigatur,
626 1586 850 1703 quomodo
864 1589 972 1674 duae
988 1585 1228 1700 hujusmodi
1245 1593 1355 1679 vires
1374 1615 1544 1706 compa·
1576 1662 1580 1669 .

168 1752 285 1826 ratae
298 1737 376 1824 esse
386 1736 577 1842 debeant,
606 1760 654 1823 ut
667 1739 720 1825 ab
735 1740 784 1823 iis
799 1739 966 1853 corpori
981 1759 1122 1826 motus
1137 1741 1249 1827 circa
1262 1736 1407 1825 datum
1416 1766 1546 1827 axem
1684 1828 1706 1847 ,,

128 1964 137 1979 ,
164 1858 344 2012 Ροῐέἱιιε
359 1906 550 1971 centrum
565 1887 735 1974 inertiae
744 1885 1019 1975 'transeuntem
1034 1889 1317 2003 imprimatur;
1333 1907 1425 1981 tum
1437 1915 1542 1993 uero

151 2030 323 2125 'exinde
337 2029 729 2150 vicissrmcolligitur
743 2034 890 2149 positio
903 2036 1014 2144 axis,
1045 2038 1156 2122 circa
1169 2063 1298 2153 quem
1313 2059 1466 2153 corpus
1486 2036 1542 2119 ri·

164 2180 528 2303 gidumquiescens
542 2183 724 2296 primum
740 2183 880 2297 gyrari
892 2185 1048 2298 incipit,
1062 2179 1243 2297 respeslu
1253 2184 1380 2271 trium
1395 2187 1545 2273 axium

148 2311 460 2452 'principalium
483 2331 691 2446 corporis,
734 2358 944 2445 unacum
965 2328 1120 2446 angulo
1143 2326 1386 2419 elementari
1406 2335 1570 2448 primo
1666 2394 1671 2401 -

164 2480 420 2600 tempuscula
438 2478 661 2596 produdlo,
691 2477 720 2564 fi
746 2505 773 2564 a
796 2479 840 2565 vi
873 2505 1124 2593 quacunque
1138 2475 1388 2592 sollicitetur,
1418 2485 1541 2597 eique
1587 2487 1590 2493 '
1659 2538 1663 2549 ·
1751 2516 1755 2526 =

165 2631 285 2722 simul
301 2635 343 2718 in
360 2653 504 2719 centro
518 2632 689 2713 inertiae
706 2630 772 2713 vis
788 2622 971 2738 aequalis
994 2624 1039 2714 dr
1055 2629 1262 2751 contraria
1276 2627 1401 2715 fuerit
1416 2628 1543 2745 appli·
1595 2614 1598 2619 ’
1708 2628 1723 2669 ⁵

138 2768 144 2773 ’
167 2804 276 2868 cata.
331 2774 517 2865 Effectus
534 2772 702 2891 quidem
718 2771 832 2860 idem
854 2767 1156 2886 produceretur
1171 2802 1198 2859 a
1214 2774 1375 2862 viribus
1400 2771 1542 2861 sollici·

166 2906 373 3047 tantibus,
401 2922 557 3029 etiamst
572 2950 724 3038 corpus
738 2902 781 3009 in
797 2912 917 3006 motu
930 2916 1134 3009 versetur:
1168 2950 1319 3039 verum
1339 2924 1396 3047 oli
1418 2922 1542 3036 hujus

167 3098 312 3169 motus
344 3070 647 3160 admixtionem
675 3049 885 3158 difficilius'
902 3063 1092 3180 cognosci
1111 3043 1274 3183 poterit.
1360 3069 1409 3161 Si
1428 3077 1541 3186 enim

169 3251 322 3342 corpus
348 3216 435 3334 jam
458 3223 568 3329 circa
588 3217 717 3305 alium
739 3244 867 3304 axem
885 3235 1082 3331 gyratur,
1120 3208 1170 3303 ac
1191 3248 1301 3306 nunc
1323 3223 1538 3331 incitatur,
1638 3236 1640 3240 ’

167 3406 255 3481 non
268 3371 400 3461 solum
409 3365 598 3467 celeritas
613 3364 935 3480 angularis„sed
947 3364 1080 3461 'etiam
1094 3362 1173 3478 ipse
1194 3372 1288 3456 axis
1310 3377 1538 3488 gyrationis
1626 3446 1631 3453 .

163 3494 422 3626 mutabitur,
445 3517 505 3601 ita
518 3535 565 3601 ut
578 3536 688 3603 nunc
706 3516 818 3610 circa
836 3512 963 3602 alium
976 3542 1105 3606 axem
1118 3542 1194 3628 per
1216 3541 1408 3634 centrum
1428 3492 1550 3613 iner'.⁸

167 3677 252 3762 tiae
265 3666 542 3757 transeuntem
554 3667 693 3777 gyrari
705 3652 884 3780 incipiat.
917 3662 1063 3774 Quare
1077 3663 1163 3772 jam
1176 3665 1220 3748 in
1234 3664 1277 3752 id
1294 3630 1536 3781 incumbenss
1586 3657 1588 3661 ⁵
1649 3644 1653 3653 ¹

170 3820 273 3908 dum
290 3834 474 3925 erat,·ut
486 3812 559 3901 ista
572 3815 668 3900 axis
683 3812 910 3927 gyrationis
922 3810 1333 3926 variatio&quidem
1346 3845 1537 3907 momen.
1561 3856 1564 3861 ·

133 4054 139 4086 ‚
168 3968 501 4055 taneaaviribus
515 3959 715 4084 produsla
732 3953 922 4063 formulis
961 3955 1177 4071 analyticis
1199 3963 1536 4082 expressaquaeq

131 4128 309 4227 ratur,
355 4118 429 4203 ubi
465 4113 638 4216 demum
672 4140 732 4199 ex
766 4110 934 4233 cognita
960 4110 1192 4229 mutatione
1219 4108 1460 4201 elementari
1479 4116 1536 4211 ad

167 4263 301 4392 ipsam
318 4284 471 4383 *motus
514 4262 903 4355 determinationem
936 4285 1012 4373 per
1049 4255 1256 4369 calculum
1291 4262 1534 4379 integralem

579 4431 583 4437 ·
865 4437 890 4496 c
1399 4430 1532 4498 trans-
