4092 5134
641 259 644 268 *
671 278 1096 429 enarrarre.

190 560 372 676 quireret
391 530 642 662 celeritates,
671 550 1029 668 exprimebantur,
1058 574 1145 664 quo
1166 548 1367 635 nimirum
1380 544 1569 663 efficitur,
1609 620 1613 627 .

189 726 236 793 ιιι
251 710 296 793 in
309 701 489 794 lormula
507 698 690 818 generali
710 705 808 790 dr:
821 698 993 817 npdtrM
1015 696 1217 787 constanti
1232 694 1390 821 nv'alor
1407 712 1430 789 i
1445 702 1574 791 tribu·

187 853 322 947 endus
336 855 392 951 fit.
460 850 624 944 Verum
642 878 701 938 ex
717 847 936 936 altitudine
951 843 1150 934 celeritati
1167 847 1307 936 debita
1328 846 1410 964 ipsa
1432 846 1575 937 celeri·
1597 884 1600 890 ·

186 1002 253 1096 tas'
270 1033 352 1092 non
367 1022 456 1090 tam
472 980 681 1119 perspicue
696 1000 972 1115 cognoscitur,
1001 996 1069 1085 sed
1088 993 1250 1084 calculo
1266 997 1452 1113 quodam
1463 1002 1571 1114 opu's
1667 1034 1670 1041 ·

186 1152 264 1262 est,
294 1171 342 1236 ut
357 1149 413 1236 ad
428 1146 641 1237 mensuras
659 1145 795 1235 solitas
810 1147 1048 1279 reducatur.
1132 1143 1298 1235 Deinde
1322 1149 1451 1257 etiam
1465 1167 1570 1266 tem·

182 1304 297 1421 poris
312 1302 420 1387 ratio
438 1292 637 1437 peculiari
649 1291 810 1382 calculo
826 1316 943 1412 eget,
971 1327 1058 1415 quo
1070 1322 1184 1385 nova
1199 1294 1408 1413 quaedam
1428 1299 1568 1389 unitas

184 1454 230 1537 in
248 1445 458 1536 calculum
473 1414 680 1531 introduci
696 1441 841 1555 debet,
870 1467 918 1534 ut
935 1467 1101 1561 tempus
1114 1449 1158 1532 in
1180 1447 1357 1535 minutis
1379 1446 1566 1539 secundis

185 1596 408 1688 eliciatur.
445 1591 574 1704 Quod
592 1590 621 1676 sr
638 1620 764 1703 vero,
793 1595 967 1683 utialias
988 1595 1313 1684 commodissime
1335 1598 1425 1687 ieri
1452 1590 1565 1717 solet,

180 1753 412 1842 celeritates
427 1773 502 1862 per
517 1741 691 1861 spatium
707 1774 792 1831 uno
807 1746 969 1835 minuto
988 1716 1184 1837 secundo
1188 1728 1458 1838 uniformiter
1470 1777 1564 1865 per-

179 1900 363 2011 cursum,
393 1893 438 1986 bt
457 1916 649 2011 tempora
664 1901 708 1986 in
722 1897 907 2009 minutis
934 1895 1121 1987 secundis
1154 1899 1463 2012 exprimantur,
1496 1927 1564 1987 ea·

180 2048 278 2143 dem
294 2051 606 2166 experimenta,
620 2049 784 2162 ,quibus
803 2048 984 2164 superior
1006 2044 1158 2139 modus
1176 2047 1433 2138 constantem
1447 2079 1474 2137 n
1490 2050 1561 2140 de·-
1689 2076 1698 2085 ·

177 2198 347 2290 liniendi
360 2200 559 2308 innititur,
591 2194 822 2309 ostendunt,
851 2192 929 2282 esse
943 2196 1286 2288 huncnumerum
1299 2225 1326 2283 n
1339 2198 1558 2315 aequalem
1702 2318 1706 2325 .

179 2348 330 2468 duplae
349 2333 567 2457 altitudini,
587 2370 741 2460 exque
757 2373 887 2461 grave
905 2353 1041 2467 primo
1057 2352 1219 2439 minuto
1234 2346 1412 2437 seeundo
1428 2346 1556 2438 libere

175 2492 390 2588 delabitur.
447 2496 594 2611 Quare
609 2489 749 2584 reliiia
762 2499 903 2613 priore
925 2501 1128 2590 methodo
1154 2492 1266 2591 haud
1287 2525 1446 2618 paucas
1466 2512 1555 2587 am-¹

123 2692 125 2697 v
176 2643 304 2759 bages
317 2650 492 2737 evitavit
515 2668 717 2736 PERILL.
739 2668 969 2756 Avcrou,
998 2648 1079 2733 hoc
1098 2647 1246 2736 ultimo
1267 2648 1397 2736 modo
1416 2645 1552 2735 multo

123 2801 152 2860 ,·
174 2795 417 2889 faciliore&
432 2792 676 2911 simpliciore
691 2798 735 2884 in
751 2791 1061 2887 Introduslione
1076 2796 1287 2914 expolito,
1320 2797 1366 2891 bt
1387 2801 1432 2889 in
1457 2818 1551 2887 toto

173 2938 370 3061 sequente
381 2966 509 3066 opere
531 2964 705 3039 retento.
756 2976 759 2981 ·

197 3076 199 3083 '
286 3096 625 3217 ¹Exp'osrtishisce
632 3104 843 3221 principiis
856 3101 1116 3221 generalibus
1129 3108 1272 3199 transit
1289 3104 1446 3199 cinni
1455 3130 1547 3198 nv·

175 3274 309 3339 eron
327 3247 380 3336 ad
391 3230 531 3337 motus
548 3276 774 3367 corporum
787 3251 938 3371 linitae,
947 3258 1198 3347 extensionis
1215 3257 1548 3377 considerandos,

173 3397 401 3519 &quidem
416 3397 622 3509 ejusmodi
638 3430 885 3519 corporum,
918 3434 1100 3524 quorum
1123 3400 1322 3498 struiiura'
1343 3406 1545 3523 partium·

170 3580 253 3673 que
268 3576 406 3637 nexus
421 3576 447 3634 a
463 3546 621 3635 viribus
642 3546 950 3644 sollicitantibus
972 3586 1059 3647 non
1078 3561 1231 3651 mutari
1252 3552 1405 3711 potest,
1434 3578 1544 3670 quae

166 3700 399 3820 rigidorum
417 3697 587 3784 nomine
603 3700 655 3787 ab
673 3697 763 3793 aliis
783 3699 1102 3823 distinguuntur,
1140 3694 1320 3825 quorum
1339 3700 1542 3826 struiiura

157 3867 234 3942 tot
247 3851 408 3939 roboris
424 3876 509 3934 non
524 3844 672 3960 habet,
710 3871 758 3939 ut
780 3855 933 3944 virium
958 3854 1258 3948 sollicitantium
1277 3859 1429 3948 odiloni
1448 3850 1544 3939 reli·

170 4000 272 4090 ster'e
287 3995 438 4090 valeat
492 3994 666 4086 Partes
655 4022 795 4118 traque
810 4002 1021 4093 taissrnodi
1037 4012 1225 4125 corporis
1243 4008 1422 4098 easdem
1445 4032 1541 4121 per·

169 4170 298 4270 petuo
323 4146 498 4236 durante
523 4168 643 4238 motu
671 4182 697 4240 a
721 4150 759 4239 se
783 4155 967 4245 invicem
989 4155 1197 4253 distantias
1235 4159 1417 4271 servant,
1461 4185 1540 4245 nec

147 4294 659 4417 ¹'corpusrigidum'aliurn
672 4314 838 4395 motum
851 4308 1038 4426 recipere
1055 4309 1206 4430 potest,
1240 4308 1314 4407 nist
1332 4338 1417 4428 quo
1436 4307 1540 4396 haec

183 4488 186 4493 ·
848 4510 850 4515 ·
1441 4488 1540 4550 con-
