<?xml version="1.0" encoding="UTF-8"?>
<!DOCTYPE html PUBLIC "-//W3C//DTD XHTML 1.0 Transitional//EN"
    "http://www.w3.org/TR/xhtml1/DTD/xhtml1-transitional.dtd">
<html xmlns="http://www.w3.org/1999/xhtml" xml:lang="en" lang="en">
 <head>
  <title>
</title>
<meta http-equiv="Content-Type" content="text/html;charset=utf-8" />
  <meta name='ocr-system' content='tesseract 3.04.00' />
  <meta name='ocr-capabilities' content='ocr_page ocr_carea ocr_par ocr_line ocrx_word'/>
</head>
<body>
  <div class='ocr_page' id='page_1' title='image "./theoriamotvscor00eulegoog/theoriamotvscor00eulegoog_0358.png"; bbox 0 0 4092 5134; ppageno 0'>
   <div class='ocr_carea' id='block_1_1' title="bbox 366 404 1655 575">
    <p class='ocr_par' dir='ltr' id='par_1_1' title="bbox 366 404 1655 575">
     <span class='ocr_line' id='line_1_1' title="bbox 366 404 1655 575; baseline 0.002 -47"><span class='ocrx_word' id='word_1_1' title='bbox 366 404 539 529; x_wconf 79' lang='lat' dir='ltr'>¹sumu</span> <span class='ocrx_word' id='word_1_2' title='bbox 552 426 750 530; x_wconf 66' lang='lat' dir='ltr'>renuo</span> <span class='ocrx_word' id='word_1_3' title='bbox 767 426 1565 575; x_wconf 66' lang='lat' dir='ltr'>uouzou&#39;rnnummunusue.</span> <span class='ocrx_word' id='word_1_4' title='bbox 1592 473 1655 555; x_wconf 74' lang='lat' dir='ltr'>aa</span> 
     </span>
    </p>
   </div>
   <div class='ocr_carea' id='block_1_2' title="bbox 308 616 1720 2669">
    <p class='ocr_par' dir='ltr' id='par_1_2' title="bbox 308 616 1720 2669">
     <span class='ocr_line' id='line_1_2' title="bbox 311 616 1660 733; baseline 0.002 -30"><span class='ocrx_word' id='word_1_5' title='bbox 311 636 439 720; x_wconf 87' lang='lat' dir='ltr'>xerim,</span> <span class='ocrx_word' id='word_1_6' title='bbox 468 637 592 703; x_wconf 91' lang='lat' dir='ltr'>mirum</span> <span class='ocrx_word' id='word_1_7' title='bbox 618 643 687 705; x_wconf 89' lang='lat' dir='ltr'>non</span> <span class='ocrx_word' id='word_1_8' title='bbox 701 630 771 717; x_wconf 89' lang='lat' dir='ltr'>ell,</span> <span class='ocrx_word' id='word_1_9' title='bbox 798 628 822 703; x_wconf 89' lang='lat' dir='ltr'>li</span> <span class='ocrx_word' id='word_1_10' title='bbox 846 633 946 704; x_wconf 88' lang='lat' dir='ltr'>etiam</span> <span class='ocrx_word' id='word_1_11' title='bbox 962 627 1089 733; x_wconf 84' lang='lat' dir='ltr'>reliqua</span> <span class='ocrx_word' id='word_1_12' title='bbox 1102 616 1337 731; x_wconf 81' lang='lat' dir='ltr'>plraenomena</span> <span class='ocrx_word' id='word_1_13' title='bbox 1354 636 1579 733; x_wconf 75' lang='lat' dir='ltr'>experientiae</span> <span class='ocrx_word' id='word_1_14' title='bbox 1589 660 1660 706; x_wconf 80' lang='lat' dir='ltr'>uon</span> 
     </span>
     <span class='ocr_line' id='line_1_3' title="bbox 308 730 1658 836; baseline -0.006 -29"><span class='ocrx_word' id='word_1_15' title='bbox 308 730 384 807; x_wconf 77' lang='lat' dir='ltr'>satis</span> <span class='ocrx_word' id='word_1_16' title='bbox 400 730 641 832; x_wconf 82' lang='lat' dir='ltr'>respondeant:</span> <span class='ocrx_word' id='word_1_17' title='bbox 668 733 792 806; x_wconf 84' lang='lat' dir='ltr'>etiamst</span> <span class='ocrx_word' id='word_1_18' title='bbox 809 748 919 806; x_wconf 87' lang='lat' dir='ltr'>certus</span> <span class='ocrx_word' id='word_1_19' title='bbox 935 731 1117 807; x_wconf 85' lang='lat' dir='ltr'>velocitatis</span> <span class='ocrx_word' id='word_1_20' title='bbox 1135 732 1268 834; x_wconf 84' lang='lat' dir='ltr'>gradus,</span> <span class='ocrx_word' id='word_1_21' title='bbox 1289 732 1330 807; x_wconf 79' lang='lat' dir='ltr'>nd</span> <span class='ocrx_word' id='word_1_22' title='bbox 1341 740 1581 833; x_wconf 82' lang='lat' dir='ltr'>perennitatem</span> <span class='ocrx_word' id='word_1_23' title='bbox 1599 762 1658 836; x_wconf 81' lang='lat' dir='ltr'>gy.</span> 
     </span>
     <span class='ocr_line' id='line_1_4' title="bbox 309 832 1660 934; baseline 0.001 -27"><span class='ocrx_word' id='word_1_24' title='bbox 309 840 448 908; x_wconf 76' lang='lat' dir='ltr'>rationis</span> <span class='ocrx_word' id='word_1_25' title='bbox 473 862 509 909; x_wconf 89' lang='lat' dir='ltr'>re</span> <span class='ocrx_word' id='word_1_26' title='bbox 534 835 659 922; x_wconf 74' lang='lat' dir='ltr'>inlitus,</span> <span class='ocrx_word' id='word_1_27' title='bbox 683 839 905 934; x_wconf 80' lang='lat' dir='ltr'>experientiae</span> <span class='ocrx_word' id='word_1_28' title='bbox 927 841 1073 906; x_wconf 80' lang='lat' dir='ltr'>maxime</span> <span class='ocrx_word' id='word_1_29' title='bbox 1093 832 1133 907; x_wconf 88' lang='lat' dir='ltr'>fit</span> <span class='ocrx_word' id='word_1_30' title='bbox 1149 832 1399 913; x_wconf 86' lang='lat' dir='ltr'>consentaneus.</span> <span class='ocrx_word' id='word_1_31' title='bbox 1457 838 1590 911; x_wconf 86' lang='lat' dir='ltr'>Verum</span> <span class='ocrx_word' id='word_1_32' title='bbox 1611 844 1660 908; x_wconf 93' lang='lat' dir='ltr'>iu·</span> 
     </span>
     <span class='ocr_line' id='line_1_5' title="bbox 308 864 1658 1039; baseline -0.001 -29"><span class='ocrx_word' id='word_1_33' title='bbox 308 962 392 1039; x_wconf 83' lang='lat' dir='ltr'>gens</span> <span class='ocrx_word' id='word_1_34' title='bbox 416 936 484 1010; x_wconf 87' lang='lat' dir='ltr'>fine</span> <span class='ocrx_word' id='word_1_35' title='bbox 511 864 613 1009; x_wconf 78' lang='lat' dir='ltr'>dubio</span> <span class='ocrx_word' id='word_1_36' title='bbox 631 932 809 1011; x_wconf 86' lang='lat' dir='ltr'>discrimen</span> <span class='ocrx_word' id='word_1_37' title='bbox 835 932 1169 1036; x_wconf 67' lang='lat' dir='ltr'>deprehenderetur,</span> <span class='ocrx_word' id='word_1_38' title='bbox 1194 934 1218 1008; x_wconf 88' lang='lat' dir='ltr'>li</span> <span class='ocrx_word' id='word_1_39' title='bbox 1241 934 1403 1011; x_wconf 84' lang='lat' dir='ltr'>formulas</span> <span class='ocrx_word' id='word_1_40' title='bbox 1424 932 1658 1011; x_wconf 85' lang='lat' dir='ltr'>differentiales</span> 
     </span>
     <span class='ocr_line' id='line_1_6' title="bbox 308 1032 1659 1139; baseline 0.001 -28"><span class='ocrx_word' id='word_1_41' title='bbox 308 1044 461 1113; x_wconf 74' lang='lat' dir='ltr'>inventas</span> <span class='ocrx_word' id='word_1_42' title='bbox 479 1044 721 1139; x_wconf 85' lang='lat' dir='ltr'>integraremus</span> <span class='ocrx_word' id='word_1_43' title='bbox 740 1050 753 1085; x_wconf 80' lang='lat'>·&#39;</span> <span class='ocrx_word' id='word_1_44' title='bbox 772 1052 872 1139; x_wconf 85' lang='lat' dir='ltr'>&#39;atque</span> <span class='ocrx_word' id='word_1_45' title='bbox 887 1039 931 1109; x_wconf 94' lang='lat' dir='ltr'>ob</span> <span class='ocrx_word' id='word_1_46' title='bbox 946 1041 1032 1111; x_wconf 83' lang='lat' dir='ltr'>hauc</span> <span class='ocrx_word' id='word_1_47' title='bbox 1057 1032 1159 1137; x_wconf 85' lang='lat' dir='ltr'>ipsam</span> <span class='ocrx_word' id='word_1_48' title='bbox 1183 1036 1312 1135; x_wconf 78' lang='lat' dir='ltr'>causam</span> <span class='ocrx_word' id='word_1_49' title='bbox 1330 1042 1427 1113; x_wconf 86' lang='lat' dir='ltr'>illum</span> <span class='ocrx_word' id='word_1_50' title='bbox 1444 1038 1592 1113; x_wconf 82' lang='lat' dir='ltr'>laborem</span> <span class='ocrx_word' id='word_1_51' title='bbox 1607 1036 1659 1113; x_wconf 82' lang='lat' dir='ltr'>su·</span> 
     </span>
     <span class='ocr_line' id='line_1_7' title="bbox 308 1094 1659 1242; baseline -0.001 -29"><span class='ocrx_word' id='word_1_52' title='bbox 308 1137 434 1241; x_wconf 76' lang='lat' dir='ltr'>[cipere</span> <span class='ocrx_word' id='word_1_53' title='bbox 449 1137 536 1212; x_wconf 77' lang='lat' dir='ltr'>haiud</span> <span class='ocrx_word' id='word_1_54' title='bbox 553 1166 674 1239; x_wconf 87' lang='lat' dir='ltr'>operae</span> <span class='ocrx_word' id='word_1_55' title='bbox 698 1094 777 1239; x_wconf 79' lang='lat' dir='ltr'>ellet</span> <span class='ocrx_word' id='word_1_56' title='bbox 799 1144 971 1239; x_wconf 85' lang='lat' dir='ltr'>pretium,</span> <span class='ocrx_word' id='word_1_57' title='bbox 997 1166 1075 1211; x_wconf 89' lang='lat' dir='ltr'>cum</span> <span class='ocrx_word' id='word_1_58' title='bbox 1102 1166 1160 1213; x_wconf 87' lang='lat' dir='ltr'>eae</span> <span class='ocrx_word' id='word_1_59' title='bbox 1180 1160 1248 1213; x_wconf 89' lang='lat' dir='ltr'>tam</span> <span class='ocrx_word' id='word_1_60' title='bbox 1270 1140 1331 1215; x_wconf 85' lang='lat' dir='ltr'>smt</span> <span class='ocrx_word' id='word_1_61' title='bbox 1354 1138 1597 1242; x_wconf 80' lang='lat' dir='ltr'>complicatae,</span> <span class='ocrx_word' id='word_1_62' title='bbox 1621 1162 1659 1213; x_wconf 94' lang='lat' dir='ltr'>ut</span> 
     </span>
     <span class='ocr_line' id='line_1_8' title="bbox 308 1238 1658 1344; baseline -0.001 -27"><span class='ocrx_word' id='word_1_63' title='bbox 308 1268 366 1343; x_wconf 85' lang='lat' dir='ltr'>per</span> <span class='ocrx_word' id='word_1_64' title='bbox 385 1242 657 1341; x_wconf 80' lang='lat' dir='ltr'>logarithmoset</span> <span class='ocrx_word' id='word_1_65' title='bbox 672 1267 767 1314; x_wconf 82' lang='lat' dir='ltr'>arcus</span> <span class='ocrx_word' id='word_1_66' title='bbox 785 1240 963 1314; x_wconf 83' lang='lat' dir='ltr'>circulares</span> <span class='ocrx_word' id='word_1_67' title='bbox 980 1238 1129 1342; x_wconf 87' lang='lat' dir='ltr'>expediri</span> <span class='ocrx_word' id='word_1_68' title='bbox 1147 1258 1322 1344; x_wconf 74' lang='lat' dir='ltr'>nequeant.</span> <span class='ocrx_word' id='word_1_69' title='bbox 1378 1246 1446 1317; x_wconf 84' lang='lat' dir='ltr'>Eae</span> <span class='ocrx_word' id='word_1_70' title='bbox 1471 1264 1583 1317; x_wconf 87' lang='lat' dir='ltr'>autem</span> <span class='ocrx_word' id='word_1_71' title='bbox 1603 1240 1658 1315; x_wconf 89' lang='lat' dir='ltr'>ad·</span> 
     </span>
     <span class='ocr_line' id='line_1_9' title="bbox 308 1338 1658 1445; baseline -0.001 -26"><span class='ocrx_word' id='word_1_72' title='bbox 308 1348 374 1419; x_wconf 87' lang='lat' dir='ltr'>huc</span> <span class='ocrx_word' id='word_1_73' title='bbox 402 1350 506 1445; x_wconf 86' lang='lat' dir='ltr'>magis</span> <span class='ocrx_word' id='word_1_74' title='bbox 530 1341 724 1443; x_wconf 85' lang='lat' dir='ltr'>proditurae</span> <span class='ocrx_word' id='word_1_75' title='bbox 744 1338 848 1416; x_wconf 85' lang='lat' dir='ltr'>effent</span> <span class='ocrx_word' id='word_1_76' title='bbox 870 1349 1066 1431; x_wconf 85' lang='lat' dir='ltr'>intricatae,</span> <span class='ocrx_word' id='word_1_77' title='bbox 1092 1340 1117 1414; x_wconf 88' lang='lat' dir='ltr'>li</span> <span class='ocrx_word' id='word_1_78' title='bbox 1141 1350 1175 1415; x_wconf 93' lang='lat' dir='ltr'>iu</span> <span class='ocrx_word' id='word_1_79' title='bbox 1192 1346 1328 1423; x_wconf 74' lang='lat' dir='ltr'>,ttrrbine</span> <span class='ocrx_word' id='word_1_80' title='bbox 1350 1370 1422 1417; x_wconf 92' lang='lat' dir='ltr'>uon</span> <span class='ocrx_word' id='word_1_81' title='bbox 1447 1352 1561 1417; x_wconf 88' lang='lat' dir='ltr'>omnia</span> <span class='ocrx_word' id='word_1_82' title='bbox 1584 1370 1658 1417; x_wconf 88' lang='lat' dir='ltr'>mo-</span> 
     </span>
     <span class='ocr_line' id='line_1_10' title="bbox 308 1442 1657 1546; baseline -0.003 -25"><span class='ocrx_word' id='word_1_83' title='bbox 308 1464 417 1521; x_wconf 86' lang='lat' dir='ltr'>menta</span> <span class='ocrx_word' id='word_1_84' title='bbox 431 1450 570 1518; x_wconf 89' lang='lat' dir='ltr'>inertiae</span> <span class='ocrx_word' id='word_1_85' title='bbox 584 1451 672 1518; x_wconf 89' lang='lat' dir='ltr'>iuter</span> <span class='ocrx_word' id='word_1_86' title='bbox 689 1442 720 1518; x_wconf 84' lang='lat' dir='ltr'>le</span> <span class='ocrx_word' id='word_1_87' title='bbox 739 1444 885 1546; x_wconf 85' lang='lat' dir='ltr'>aequalia</span> <span class='ocrx_word' id='word_1_88' title='bbox 898 1446 1142 1541; x_wconf 82' lang='lat' dir='ltr'>statuerentur,</span> <span class='ocrx_word' id='word_1_89' title='bbox 1160 1452 1318 1545; x_wconf 85' lang='lat' dir='ltr'>quocirca</span> <span class='ocrx_word' id='word_1_90' title='bbox 1344 1452 1445 1519; x_wconf 85' lang='lat' dir='ltr'>etiarn</span> <span class='ocrx_word' id='word_1_91' title='bbox 1470 1450 1657 1546; x_wconf 68' lang='lat' dir='ltr'>hocucgu·</span> 
     </span>
     <span class='ocr_line' id='line_1_11' title="bbox 308 1545 1720 1648; baseline -0.001 -29"><span class='ocrx_word' id='word_1_92' title='bbox 308 1556 457 1621; x_wconf 83' lang='lat' dir='ltr'>tuentum</span> <span class='ocrx_word' id='word_1_93' title='bbox 473 1573 542 1619; x_wconf 93' lang='lat' dir='ltr'>non</span> <span class='ocrx_word' id='word_1_94' title='bbox 564 1552 746 1648; x_wconf 83' lang='lat' dir='ltr'>attingam,</span> <span class='ocrx_word' id='word_1_95' title='bbox 774 1552 933 1648; x_wconf 88' lang='lat' dir='ltr'>quoniam</span> <span class='ocrx_word' id='word_1_96' title='bbox 958 1552 1120 1647; x_wconf 87' lang='lat' dir='ltr'>principia</span> <span class='ocrx_word' id='word_1_97' title='bbox 1142 1545 1277 1618; x_wconf 85' lang='lat' dir='ltr'>stabilita</span> <span class='ocrx_word' id='word_1_98' title='bbox 1297 1550 1352 1621; x_wconf 84' lang='lat' dir='ltr'>his</span> <span class='ocrx_word' id='word_1_99' title='bbox 1376 1546 1481 1620; x_wconf 81' lang='lat' dir='ltr'>allatis</span> <span class='ocrx_word' id='word_1_100' title='bbox 1497 1548 1656 1645; x_wconf 84' lang='lat' dir='ltr'>exemplis</span> <span class='ocrx_word' id='word_1_101' title='bbox 1714 1618 1720 1633; x_wconf 75' lang='grc'><em>,</em></span> 
     </span>
     <span class='ocr_line' id='line_1_12' title="bbox 308 1645 1656 1749; baseline -0.003 -26"><span class='ocrx_word' id='word_1_102' title='bbox 308 1646 378 1723; x_wconf 79' lang='lat' dir='ltr'>iratis</span> <span class='ocrx_word' id='word_1_103' title='bbox 395 1646 467 1720; x_wconf 90' lang='lat' dir='ltr'>sunt</span> <span class='ocrx_word' id='word_1_104' title='bbox 481 1648 635 1720; x_wconf 85' lang='lat' dir='ltr'>illullrata</span> <span class='ocrx_word' id='word_1_105' title='bbox 652 1672 662 1724; x_wconf 79' lang='lat' dir='ltr'>t</span> <span class='ocrx_word' id='word_1_106' title='bbox 683 1646 873 1749; x_wconf 85' lang='lat' dir='ltr'>&#39;sedpotius</span> <span class='ocrx_word' id='word_1_107' title='bbox 890 1649 1083 1720; x_wconf 85' lang='lat' dir='ltr'>uberiorem</span> <span class='ocrx_word' id='word_1_108' title='bbox 1099 1645 1198 1747; x_wconf 87' lang='lat' dir='ltr'>ipfius</span> <span class='ocrx_word' id='word_1_109' title='bbox 1216 1652 1392 1722; x_wconf 87' lang='lat' dir='ltr'>Theoriae</span> <span class='ocrx_word' id='word_1_110' title='bbox 1407 1648 1450 1721; x_wconf 89' lang='lat' dir='ltr'>de</span> <span class='ocrx_word' id='word_1_111' title='bbox 1465 1670 1563 1720; x_wconf 91' lang='lat' dir='ltr'>motu</span> <span class='ocrx_word' id='word_1_112' title='bbox 1579 1674 1656 1720; x_wconf 89' lang='lat' dir='ltr'>cor-</span> 
     </span>
     <span class='ocr_line' id='line_1_13' title="bbox 308 1744 1650 1853; baseline -0.004 -27"><span class='ocrx_word' id='word_1_113' title='bbox 308 1776 434 1853; x_wconf 86' lang='lat' dir='ltr'>porum</span> <span class='ocrx_word' id='word_1_114' title='bbox 442 1747 633 1851; x_wconf 88' lang='lat' dir='ltr'>rigidorum</span> <span class='ocrx_word' id='word_1_115' title='bbox 646 1750 900 1849; x_wconf 78' lang='lat' dir='ltr'>explicationem</span> <span class='ocrx_word' id='word_1_116' title='bbox 917 1756 950 1821; x_wconf 92' lang='lat' dir='ltr'>in</span> <span class='ocrx_word' id='word_1_117' title='bbox 966 1746 1116 1821; x_wconf 90' lang='lat' dir='ltr'>medium</span> <span class='ocrx_word' id='word_1_118' title='bbox 1131 1744 1252 1823; x_wconf 80' lang='lat' dir='ltr'>efferre</span> <span class='ocrx_word' id='word_1_119' title='bbox 1267 1749 1414 1827; x_wconf 80' lang='lat' dir='ltr'>studebo,</span> <span class='ocrx_word' id='word_1_120' title='bbox 1468 1746 1536 1821; x_wconf 82' lang='lat' dir='ltr'>Edi</span> <span class='ocrx_word' id='word_1_121' title='bbox 1546 1754 1650 1837; x_wconf 85' lang='lat' dir='ltr'>enim,</span> 
     </span>
     <span class='ocr_line' id='line_1_14' title="bbox 308 1846 1646 1955; baseline -0.002 -30"><span class='ocrx_word' id='word_1_122' title='bbox 308 1879 388 1955; x_wconf 77' lang='lat' dir='ltr'>quae</span> <span class='ocrx_word' id='word_1_123' title='bbox 410 1853 567 1923; x_wconf 78' lang='lat' dir='ltr'>hadenur</span> <span class='ocrx_word' id='word_1_124' title='bbox 592 1846 668 1922; x_wconf 88' lang='lat' dir='ltr'>sunt</span> <span class='ocrx_word' id='word_1_125' title='bbox 692 1849 829 1940; x_wconf 84' lang='lat' dir='ltr'>tradita,</span> <span class='ocrx_word' id='word_1_126' title='bbox 849 1858 958 1923; x_wconf 89' lang='lat' dir='ltr'>tot&#39;um</span> <span class='ocrx_word' id='word_1_127' title='bbox 982 1876 1067 1951; x_wconf 84' lang='lat' dir='ltr'>opus</span> <span class='ocrx_word' id='word_1_128' title='bbox 1091 1847 1264 1927; x_wconf 84' lang='lat' dir='ltr'>absolvere</span> <span class='ocrx_word' id='word_1_129' title='bbox 1286 1850 1466 1939; x_wconf 79' lang='lat' dir='ltr'>vidennu,</span> <span class='ocrx_word' id='word_1_130' title='bbox 1495 1852 1646 1923; x_wconf 80' lang='lat' dir='ltr'>tamensi</span> 
     </span>
     <span class='ocr_line' id='line_1_15' title="bbox 308 1948 1653 2055; baseline -0.001 -29"><span class='ocrx_word' id='word_1_131' title='bbox 308 1952 381 2027; x_wconf 36' lang='lat' dir='ltr'>ande</span> <span class='ocrx_word' id='word_1_132' title='bbox 396 1948 553 2027; x_wconf 74' lang='lat' dir='ltr'>effedlum</span> <span class='ocrx_word' id='word_1_133' title='bbox 576 1958 698 2023; x_wconf 77' lang='lat' dir='ltr'>viritim</span> <span class='ocrx_word' id='word_1_134' title='bbox 724 1980 999 2055; x_wconf 84' lang='lat' dir='ltr'>quarumcunque</span> <span class='ocrx_word' id='word_1_135' title='bbox 1026 1949 1172 2027; x_wconf 86' lang='lat' dir='ltr'>delinire</span> <span class='ocrx_word' id='word_1_136' title='bbox 1185 1954 1351 2043; x_wconf 81' lang='lat' dir='ltr'>velimus,</span> <span class='ocrx_word' id='word_1_137' title='bbox 1379 1952 1558 2025; x_wconf 85' lang='lat' dir='ltr'>methodus</span> <span class='ocrx_word' id='word_1_138' title='bbox 1575 1973 1653 2025; x_wconf 80' lang='lat' dir='ltr'>aruo</span> 
     </span>
     <span class='ocr_line' id='line_1_16' title="bbox 308 2050 1647 2156; baseline -0.002 -27"><span class='ocrx_word' id='word_1_139' title='bbox 308 2050 500 2155; x_wconf 70' lang='lat' dir='ltr'>sraescripra</span> <span class='ocrx_word' id='word_1_140' title='bbox 516 2060 615 2126; x_wconf 83' lang='lat' dir='ltr'>uiuris</span> <span class='ocrx_word' id='word_1_141' title='bbox 634 2053 679 2125; x_wconf 87' lang='lat' dir='ltr'>est</span> <span class='ocrx_word' id='word_1_142' title='bbox 694 2053 832 2155; x_wconf 86' lang='lat' dir='ltr'>operosa</span> <span class='ocrx_word' id='word_1_143' title='bbox 851 2082 861 2150; x_wconf 82' lang='lat'>3</span> <span class='ocrx_word' id='word_1_144' title='bbox 886 2053 965 2127; x_wconf 92' lang='lat' dir='ltr'>dum</span> <span class='ocrx_word' id='word_1_145' title='bbox 982 2060 1095 2153; x_wconf 90' lang='lat' dir='ltr'>primo</span> <span class='ocrx_word' id='word_1_146' title='bbox 1110 2080 1223 2143; x_wconf 87' lang='lat' dir='ltr'>axem,</span> <span class='ocrx_word' id='word_1_147' title='bbox 1249 2061 1338 2129; x_wconf 89' lang='lat' dir='ltr'>circa</span> <span class='ocrx_word' id='word_1_148' title='bbox 1353 2082 1455 2156; x_wconf 88' lang='lat' dir='ltr'>quem</span> <span class='ocrx_word' id='word_1_149' title='bbox 1475 2060 1647 2129; x_wconf 86' lang='lat' dir='ltr'>virescor·</span> 
     </span>
     <span class='ocr_line' id='line_1_17' title="bbox 308 2149 1643 2257; baseline -0.004 -25"><span class='ocrx_word' id='word_1_150' title='bbox 308 2149 372 2245; x_wconf 64' lang='lat' dir='ltr'>irre,</span> <span class='ocrx_word' id='word_1_151' title='bbox 392 2154 625 2257; x_wconf 69' lang='lat' dir='ltr'>inquio-sceret,</span> <span class='ocrx_word' id='word_1_152' title='bbox 643 2180 843 2231; x_wconf 84' lang='lat' dir='ltr'>convertere</span> <span class='ocrx_word' id='word_1_153' title='bbox 860 2163 1046 2257; x_wconf 88' lang='lat' dir='ltr'>inciperent</span> <span class='ocrx_word' id='word_1_154' title='bbox 1064 2150 1220 2243; x_wconf 80' lang='lat' dir='ltr'>deliniri,</span> <span class='ocrx_word' id='word_1_155' title='bbox 1247 2177 1319 2230; x_wconf 92' lang='lat' dir='ltr'>tum</span> <span class='ocrx_word' id='word_1_156' title='bbox 1343 2184 1426 2229; x_wconf 85' lang='lat' dir='ltr'>vero</span> <span class='ocrx_word' id='word_1_157' title='bbox 1446 2160 1522 2228; x_wconf 89' lang='lat' dir='ltr'>hinc</span> <span class='ocrx_word' id='word_1_158' title='bbox 1539 2162 1643 2227; x_wconf 84' lang='lat' dir='ltr'>varia-</span> 
     </span>
     <span class='ocr_line' id='line_1_18' title="bbox 308 2250 1645 2357; baseline -0.004 -24"><span class='ocrx_word' id='word_1_159' title='bbox 308 2250 430 2333; x_wconf 70' lang='lat' dir='ltr'>{iouem</span> <span class='ocrx_word' id='word_1_160' title='bbox 446 2267 531 2348; x_wconf 84' lang='lat' dir='ltr'>axis,</span> <span class='ocrx_word' id='word_1_161' title='bbox 550 2264 637 2329; x_wconf 87' lang='lat' dir='ltr'>circa</span> <span class='ocrx_word' id='word_1_162' title='bbox 660 2286 760 2357; x_wconf 89' lang='lat' dir='ltr'>quem</span> <span class='ocrx_word' id='word_1_163' title='bbox 783 2285 905 2357; x_wconf 84' lang='lat' dir='ltr'>corpus</span> <span class='ocrx_word' id='word_1_164' title='bbox 924 2260 997 2329; x_wconf 79' lang='lat' dir='ltr'>auu</span> <span class='ocrx_word' id='word_1_165' title='bbox 1016 2274 1181 2357; x_wconf 73' lang='lat' dir='ltr'>gyratur,</span> <span class='ocrx_word' id='word_1_166' title='bbox 1223 2276 1257 2329; x_wconf 89' lang='lat' dir='ltr'>et</span> <span class='ocrx_word' id='word_1_167' title='bbox 1279 2259 1457 2333; x_wconf 86' lang='lat' dir='ltr'>celeritatis</span> <span class='ocrx_word' id='word_1_168' title='bbox 1479 2258 1645 2355; x_wconf 75' lang='lat' dir='ltr'>angularis</span> 
     </span>
     <span class='ocr_line' id='line_1_19' title="bbox 308 2354 1639 2460; baseline -0.005 -25"><span class='ocrx_word' id='word_1_169' title='bbox 308 2360 516 2435; x_wconf 87' lang='lat' dir='ltr'>leterminari</span> <span class='ocrx_word' id='word_1_170' title='bbox 541 2379 675 2458; x_wconf 89' lang='lat' dir='ltr'>oportet</span> <span class='ocrx_word' id='word_1_171' title='bbox 702 2384 712 2435; x_wconf 85' lang='lat' dir='ltr'>t</span> <span class='ocrx_word' id='word_1_172' title='bbox 752 2388 792 2432; x_wconf 88' lang='lat' dir='ltr'>ex</span> <span class='ocrx_word' id='word_1_173' title='bbox 817 2386 886 2460; x_wconf 89' lang='lat' dir='ltr'>quo</span> <span class='ocrx_word' id='word_1_174' title='bbox 908 2354 1110 2445; x_wconf 84' lang='lat' dir='ltr'>methodum</span> <span class='ocrx_word' id='word_1_175' title='bbox 1139 2355 1378 2458; x_wconf 75' lang='lat' dir='ltr'>perfediiorem</span> <span class='ocrx_word' id='word_1_176' title='bbox 1404 2366 1574 2458; x_wconf 83' lang='lat' dir='ltr'>magisque</span> <span class='ocrx_word' id='word_1_177' title='bbox 1600 2358 1639 2429; x_wconf 89' lang='lat' dir='ltr'>ad</span> 
     </span>
     <span class='ocr_line' id='line_1_20' title="bbox 308 2456 1639 2564; baseline -0.004 -28"><span class='ocrx_word' id='word_1_178' title='bbox 308 2458 704 2549; x_wconf 79' lang='lat' dir='ltr'>alumaccommodntam</span> <span class='ocrx_word' id='word_1_179' title='bbox 721 2488 939 2564; x_wconf 85' lang='lat' dir='ltr'>proponam,</span> <span class='ocrx_word' id='word_1_180' title='bbox 958 2486 1023 2563; x_wconf 85' lang='lat' dir='ltr'>qua</span> <span class='ocrx_word' id='word_1_181' title='bbox 1045 2456 1201 2562; x_wconf 82' lang='lat' dir='ltr'>deinceps</span> <span class='ocrx_word' id='word_1_182' title='bbox 1215 2458 1256 2531; x_wconf 82' lang='lat' dir='ltr'>ad</span> <span class='ocrx_word' id='word_1_183' title='bbox 1277 2462 1545 2561; x_wconf 80' lang='lat' dir='ltr'>investigationes</span> <span class='ocrx_word' id='word_1_184' title='bbox 1570 2487 1639 2532; x_wconf 79' lang='lat' dir='ltr'>trra·</span> 
     </span>
     <span class='ocr_line' id='line_1_21' title="bbox 308 2561 679 2669; baseline -0.013 -31"><span class='ocrx_word' id='word_1_185' title='bbox 308 2570 349 2669; x_wconf 73' lang='lat' dir='ltr'>gis</span> <span class='ocrx_word' id='word_1_186' title='bbox 373 2563 488 2638; x_wconf 86' lang='lat' dir='ltr'>arduas</span> <span class='ocrx_word' id='word_1_187' title='bbox 511 2570 558 2638; x_wconf 91' lang='lat' dir='ltr'>uti</span> <span class='ocrx_word' id='word_1_188' title='bbox 574 2561 679 2635; x_wconf 89' lang='lat' dir='ltr'>liceat.</span> 
     </span>
    </p>
   </div>
   <div class='ocr_carea' id='block_1_3' title="bbox 642 2774 1292 2983">
    <p class='ocr_par' dir='ltr' id='par_1_3' title="bbox 642 2774 1292 2983">
     <span class='ocr_line' id='line_1_22' title="bbox 642 2774 1292 2983; baseline -0.023 -1"><span class='ocrx_word' id='word_1_189' title='bbox 642 2774 1048 2983; x_wconf 72' lang='lat' dir='ltr'>curor</span> <span class='ocrx_word' id='word_1_190' title='bbox 1125 2824 1292 2973; x_wconf 75' lang='lat' dir='ltr'>xv,</span> 
     </span>
    </p>
   </div>
   <div class='ocr_carea' id='block_1_4' title="bbox 308 3042 1700 3186">
    <p class='ocr_par' dir='ltr' id='par_1_4' title="bbox 308 3042 1700 3186">
     <span class='ocr_line' id='line_1_23' title="bbox 308 3042 1700 3186; baseline -0.011 0"><span class='ocrx_word' id='word_1_191' title='bbox 308 3077 388 3186; x_wconf 69' lang='lat' dir='ltr'>JE</span> <span class='ocrx_word' id='word_1_192' title='bbox 421 3056 636 3179; x_wconf 74' lang='lat' dir='ltr'>Moru</span> <span class='ocrx_word' id='word_1_193' title='bbox 674 3070 918 3177; x_wconf 79' lang='lat' dir='ltr'>LtssERO</span> <span class='ocrx_word' id='word_1_194' title='bbox 952 3042 1345 3173; x_wconf 83' lang='lat' dir='ltr'>CORPORUM</span> <span class='ocrx_word' id='word_1_195' title='bbox 1378 3062 1639 3171; x_wconf 68' lang='lat' dir='ltr'>RthDo</span> <span class='ocrx_word' id='word_1_196' title='bbox 1698 3102 1700 3107; x_wconf 88' lang='lat'>·</span> 
     </span>
    </p>
   </div>
   <div class='ocr_carea' id='block_1_5' title="bbox 380 3226 1550 3501">
    <p class='ocr_par' dir='ltr' id='par_1_5' title="bbox 380 3226 1550 3501">
     <span class='ocr_line' id='line_1_24' title="bbox 380 3226 1550 3461; baseline -0.02 -121"><span class='ocrx_word' id='word_1_197' title='bbox 380 3250 509 3340; x_wconf 81' lang='lat' dir='ltr'>uun</span> <span class='ocrx_word' id='word_1_198' title='bbox 534 3248 575 3334; x_wconf 86' lang='lat' dir='ltr'><strong>A</strong></span> <span class='ocrx_word' id='word_1_199' title='bbox 598 3239 810 3333; x_wconf 84' lang='lat' dir='ltr'>ututuus</span> <span class='ocrx_word' id='word_1_200' title='bbox 842 3230 1295 3461; x_wconf 59' lang='lat' dir='ltr'>QtrnuqcuuQru</span> <span class='ocrx_word' id='word_1_201' title='bbox 1319 3226 1550 3319; x_wconf 74' lang='lat' dir='ltr'>sonunt..</span> 
     </span>
     <span class='ocr_line' id='line_1_25' title="bbox 457 3370 1438 3501; baseline -0.035 -22"><span class='ocrx_word' id='word_1_202' title='bbox 457 3386 459 3391; x_wconf 85' lang='grc'><em>·</em></span> <span class='ocrx_word' id='word_1_203' title='bbox 805 3370 1022 3467; x_wconf 77' lang='grc' dir='ltr'><em>’ΤΑΤοΜ</em></span> <span class='ocrx_word' id='word_1_204' title='bbox 1047 3372 1152 3501; x_wconf 93' lang='grc' dir='ltr'><em>Μ</em></span> <span class='ocrx_word' id='word_1_205' title='bbox 1181 3466 1211 3499; x_wconf 16' lang='grc' dir='ltr'>Ι,</span> <span class='ocrx_word' id='word_1_206' title='bbox 1307 3468 1326 3493; x_wconf 71' lang='lat'><em>„</em></span> <span class='ocrx_word' id='word_1_207' title='bbox 1401 3440 1438 3497; x_wconf 83' lang='lat'>.-</span> 
     </span>
    </p>
   </div>
   <div class='ocr_carea' id='block_1_6' title="bbox 620 3562 1262 3675">
    <p class='ocr_par' dir='ltr' id='par_1_6' title="bbox 620 3562 1262 3675">
     <span class='ocr_line' id='line_1_26' title="bbox 620 3562 1262 3675; baseline -0.036 1"><span class='ocrx_word' id='word_1_208' title='bbox 620 3670 622 3675; x_wconf 87' lang='lat'><em>.</em></span> <span class='ocrx_word' id='word_1_209' title='bbox 723 3562 1098 3673; x_wconf 72' lang='lat' dir='ltr'>aaronem.</span> <span class='ocrx_word' id='word_1_210' title='bbox 1158 3566 1262 3661; x_wconf 60' lang='lat' dir='ltr'>&#39;rog&#39;</span> 
     </span>
    </p>
   </div>
   <div class='ocr_carea' id='block_1_7' title="bbox 308 3700 1631 4264">
    <p class='ocr_par' dir='ltr' id='par_1_7' title="bbox 308 3700 1631 4264">
     <span class='ocr_line' id='line_1_27' title="bbox 396 3700 1631 3866; baseline -0.034 -15"><span class='ocrx_word' id='word_1_211' title='bbox 396 3790 472 3866; x_wconf 77' lang='lat'>785.</span> <span class='ocrx_word' id='word_1_212' title='bbox 498 3700 858 3861; x_wconf 63' lang='lat' dir='ltr'>Quomodocunqne</span> <span class='ocrx_word' id='word_1_213' title='bbox 879 3750 1166 3857; x_wconf 78' lang='lat' dir='ltr'>corpus‘rigidum</span> <span class='ocrx_word' id='word_1_214' title='bbox 1180 3776 1199 3821; x_wconf 82' lang='lat' dir='ltr'>a</span> <span class='ocrx_word' id='word_1_215' title='bbox 1214 3746 1338 3819; x_wconf 84' lang='lat' dir='ltr'>viribus</span> <span class='ocrx_word' id='word_1_216' title='bbox 1354 3738 1561 3837; x_wconf 81' lang='lat' dir='ltr'>sollicitetur,</span> <span class='ocrx_word' id='word_1_217' title='bbox 1582 3737 1631 3812; x_wconf 84' lang='lat' dir='ltr'>ef-</span> 
     </span>
     <span class='ocr_line' id='line_1_28' title="bbox 308 3848 1629 3966; baseline -0.027 -16"><span class='ocrx_word' id='word_1_218' title='bbox 308 3874 396 3949; x_wconf 70' lang='lat' dir='ltr'>edius</span> <span class='ocrx_word' id='word_1_219' title='bbox 420 3896 675 3945; x_wconf 84' lang='lat' dir='ltr'>uromcutancus</span> <span class='ocrx_word' id='word_1_220' title='bbox 696 3872 747 3939; x_wconf 85' lang='lat' dir='ltr'>his</span> <span class='ocrx_word' id='word_1_221' title='bbox 772 3880 917 3966; x_wconf 89' lang='lat' dir='ltr'>quatuor</span> <span class='ocrx_word' id='word_1_222' title='bbox 941 3859 1038 3929; x_wconf 87' lang='lat' dir='ltr'>rebus</span> <span class='ocrx_word' id='word_1_223' title='bbox 1061 3860 1280 3927; x_wconf 78' lang='lat' dir='ltr'>contineturz</span> <span class='ocrx_word' id='word_1_224' title='bbox 1311 3853 1423 3944; x_wconf 82' lang='lat' dir='ltr'>primo</span> <span class='ocrx_word' id='word_1_225' title='bbox 1445 3848 1629 3914; x_wconf 84' lang='lat' dir='ltr'>variatione</span> 
     </span>
     <span class='ocr_line' id='line_1_29' title="bbox 308 3950 1631 4073; baseline -0.028 -21"><span class='ocrx_word' id='word_1_226' title='bbox 308 3978 465 4073; x_wconf 75' lang='lat' dir='ltr'>cleritaris</span> <span class='ocrx_word' id='word_1_227' title='bbox 485 3983 590 4049; x_wconf 84' lang='lat' dir='ltr'>centri</span> <span class='ocrx_word' id='word_1_228' title='bbox 615 3976 777 4044; x_wconf 85' lang='lat' dir='ltr'>inertiae:</span> <span class='ocrx_word' id='word_1_229' title='bbox 813 3959 958 4049; x_wconf 86' lang='lat' dir='ltr'>secundo</span> <span class='ocrx_word' id='word_1_230' title='bbox 982 3962 1166 4049; x_wconf 81' lang='lat' dir='ltr'>variatione</span> <span class='ocrx_word' id='word_1_231' title='bbox 1190 3950 1384 4053; x_wconf 58' lang='lat' dir='ltr'>duellionis</span> <span class='ocrx_word' id='word_1_232' title='bbox 1416 3952 1521 4017; x_wconf 90' lang='lat' dir='ltr'>centri</span> <span class='ocrx_word' id='word_1_233' title='bbox 1537 3952 1631 4016; x_wconf 87' lang='lat' dir='ltr'>iuer-</span> 
     </span>
     <span class='ocr_line' id='line_1_30' title="bbox 308 4053 1631 4161; baseline -0.028 -9"><span class='ocrx_word' id='word_1_234' title='bbox 308 4082 382 4153; x_wconf 66' lang='lat' dir='ltr'>sa&#39;e:</span> <span class='ocrx_word' id='word_1_235' title='bbox 417 4072 519 4148; x_wconf 83' lang='lat' dir='ltr'>tertio</span> <span class='ocrx_word' id='word_1_236' title='bbox 543 4081 723 4147; x_wconf 73' lang='lat' dir='ltr'>uariatione</span> <span class='ocrx_word' id='word_1_237' title='bbox 745 4060 931 4139; x_wconf 81' lang='lat' dir='ltr'>celeritatis</span> <span class='ocrx_word' id='word_1_238' title='bbox 947 4059 1113 4161; x_wconf 84' lang='lat' dir='ltr'>angularis</span> <span class='ocrx_word' id='word_1_239' title='bbox 1135 4063 1223 4126; x_wconf 84' lang='lat' dir='ltr'>circa</span> <span class='ocrx_word' id='word_1_240' title='bbox 1245 4078 1339 4127; x_wconf 81' lang='lat' dir='ltr'>axem</span> <span class='ocrx_word' id='word_1_241' title='bbox 1365 4053 1549 4151; x_wconf 78' lang='lat' dir='ltr'>gyratiouis</span> <span class='ocrx_word' id='word_1_242' title='bbox 1572 4073 1631 4143; x_wconf 87' lang='lat' dir='ltr'>per</span> 
     </span>
     <span class='ocr_line' id='line_1_31' title="bbox 308 4154 1630 4264; baseline -0.03 -8"><span class='ocrx_word' id='word_1_243' title='bbox 308 4166 440 4256; x_wconf 79' lang='lat' dir='ltr'>eutium</span> <span class='ocrx_word' id='word_1_244' title='bbox 459 4176 596 4257; x_wconf 85' lang='lat' dir='ltr'>ine&#39;rtiae</span> <span class='ocrx_word' id='word_1_245' title='bbox 613 4171 830 4264; x_wconf 78' lang='lat' dir='ltr'>transeuntis,</span> <span class='ocrx_word' id='word_1_246' title='bbox 859 4185 892 4238; x_wconf 87' lang='lat' dir='ltr'>et</span> <span class='ocrx_word' id='word_1_247' title='bbox 909 4183 1030 4264; x_wconf 89' lang='lat' dir='ltr'>quarto</span> <span class='ocrx_word' id='word_1_248' title='bbox 1044 4164 1229 4230; x_wconf 80' lang='lat' dir='ltr'>uariatione</span> <span class='ocrx_word' id='word_1_249' title='bbox 1244 4155 1340 4255; x_wconf 79' lang='lat' dir='ltr'>ipsuis</span> <span class='ocrx_word' id='word_1_250' title='bbox 1355 4160 1421 4225; x_wconf 81' lang='lat' dir='ltr'>axis</span> <span class='ocrx_word' id='word_1_251' title='bbox 1436 4154 1630 4249; x_wconf 81' lang='lat' dir='ltr'>gyrationis.</span> 
     </span>
    </p>
   </div>
   <div class='ocr_carea' id='block_1_8' title="bbox 610 4278 1212 4417">
    <p class='ocr_par' dir='ltr' id='par_1_8' title="bbox 610 4278 1212 4417">
     <span class='ocr_line' id='line_1_32' title="bbox 610 4278 1212 4417; baseline -0.03 -17"><span class='ocrx_word' id='word_1_252' title='bbox 610 4410 614 4417; x_wconf 61' lang='grc'>,</span> <span class='ocrx_word' id='word_1_253' title='bbox 680 4278 1212 4397; x_wconf 72' lang='lat' dir='ltr'>&#39;uuuousunairo</span> 
     </span>
    </p>
   </div>
   <div class='ocr_carea' id='block_1_9' title="bbox 391 4450 1627 4658">
    <p class='ocr_par' dir='ltr' id='par_1_9' title="bbox 391 4450 1627 4658">
     <span class='ocr_line' id='line_1_33' title="bbox 391 4450 1627 4585; baseline -0.034 -28"><span class='ocrx_word' id='word_1_254' title='bbox 391 4478 706 4585; x_wconf 79' lang='lat' dir='ltr'>Qtomodocunque</span> <span class='ocrx_word' id='word_1_255' title='bbox 731 4498 851 4572; x_wconf 88' lang='lat' dir='ltr'>corpus</span> <span class='ocrx_word' id='word_1_256' title='bbox 879 4458 1023 4567; x_wconf 68' lang='lat' dir='ltr'>rigidum</span> <span class='ocrx_word' id='word_1_257' title='bbox 1045 4466 1249 4555; x_wconf 67' lang='lat' dir='ltr'>momatur,</span> <span class='ocrx_word' id='word_1_258' title='bbox 1284 4460 1351 4555; x_wconf 60' lang='lat' dir='ltr'>eje-s</span> <span class='ocrx_word' id='word_1_259' title='bbox 1373 4472 1484 4523; x_wconf 87' lang='lat' dir='ltr'>motus</span> <span class='ocrx_word' id='word_1_260' title='bbox 1508 4450 1627 4563; x_wconf 78' lang='lat' dir='ltr'>quovis</span> 
     </span>
     <span class='ocr_line' id='line_1_34' title="bbox 899 4572 1626 4658; baseline -0.036 -17"><span class='ocrx_word' id='word_1_261' title='bbox 899 4574 935 4641; x_wconf 73' lang='lat' dir='ltr'>&#39;I&#39;</span> <span class='ocrx_word' id='word_1_262' title='bbox 952 4590 964 4638; x_wconf 91' lang='lat' dir='ltr'>t</span> <span class='ocrx_word' id='word_1_263' title='bbox 1006 4596 1024 4658; x_wconf 80' lang='lat'><em>3</em></span> <span class='ocrx_word' id='word_1_264' title='bbox 1466 4572 1626 4646; x_wconf 79' lang='lat' dir='ltr'>temporis</span> 
     </span>
    </p>
   </div>
   <div class='ocr_carea' id='block_1_10' title="bbox 0 0 2050 5134">
    <p class='ocr_par' dir='ltr' id='par_1_10' title="bbox 0 0 2050 5134">
     <span class='ocr_line' id='line_1_35' title="bbox 0 0 2050 5134; baseline 0 0"><span class='ocrx_word' id='word_1_265' title='bbox 0 0 2050 5134; x_wconf 95' lang='lat' dir='ltr'> </span> 
     </span>
    </p>
   </div>
  </div>
 </body>
</html>
