4092 5134
422 398 441 427 “
520 378 599 530 24'
730 384 737 393 ’
899 438 911 455 -
1007 405 1267 549 ιοΑΡυΤ
1322 402 1352 493 1.

480 652 492 657 “
524 644 608 717 libus
621 661 692 714 non
707 628 818 714 solum
833 664 948 729 veram
969 637 1177 714 celeritatem
1202 600 1268 771 pp,
1296 633 1354 712 sed
1377 642 1487 711 etiem
1500 631 1627 708 'veram'
1646 647 1760 704 motus
1783 625 1873 704 dire·
1922 660 1929 677 ·

525 798 674 864 ctionem
688 788 867 883 indicabit3
897 789 1009 893 sicque
1033 789 1072 863 ad
1089 797 1321 864 monitionem
1345 789 1444 882 hujus
1468 806 1582 861 motus
1607 777 1758 869 sufficiet,
1782 781 1875 856 bine·

525 893 597 967 illas
616 892 803 967 celeritates
821 891 970 965 laterales
985 890 1123 967 definivi
1154 921 1194 969 e„
1235 894 1358 991 Neque
1386 916 1469 965 vero
1497 881 1695 984 hujusmodi
1712 878 1877 956 resolutio

524 997 725 1067 mechanico
748 990 968 1068 fundamento
987 999 1086 1066 inniti
1102 990 1148 1067 esl
1169 987 1402 1083 exisliruanda3
1437 1018 1517 1063 cum
1540 992 1654 1093 potius
1679 1002 1810 1058 certum
1825 983 1877 1083 lit,

519 1095 599 1199 plus
622 1123 692 1168 uno
718 1116 816 1169 ruotu
840 1093 937 1168 sirrrul
958 1103 994 1168 in
1016 1092 1138 1168 eodem
1163 1112 1289 1196 puncto
1310 1087 1413 1164 inesse
1434 1117 1506 1163 non
1532 1083 1643 1193 posse,
1682 1083 1738 1186 sed
1767 1112 1806 1158 ea
1836 1112 1879 1187 ex

524 1224 624 1271 mero
640 1217 807 1299 conceptu
828 1204 1043 1299 geometrico
1058 1210 1131 1270 itata
1140 1255 1152 1296 ‚
1167 1216 1266 1296 atque
1282 1220 1301 1265 a
1320 1214 1438 1267 natura
1452 1212 1561 1266 motus
1578 1191 1674 1313 plane
1698 1186 1815 1276 aliena,
1830 1188 1894 1297 esl-

525 1297 716 1398 judicanda‚
738 1306 774 1372 in
792 1296 972 1375 subsidium
990 1300 1121 1374 tautum
1134 1296 1255 1371 calculi
1271 1302 1307 1369 in
1322 1299 1561 1370 Mechanicarn
1578 1289 1779 1369 introductae
1848 1338 1851 1345 ·
1874 1356 1878 1363 .

971 1528 1370 1630 rrrjrrcarro.
1420 1549 1453 1603 2.

630 1696 688 1784 64.
711 1694 888 1767 Percurrat
904 1694 1031 1768 mobile
1045 1714 1200 1797 tempore
1216 1715 1232 1768 t
1247 1713 1343 1766 motu
1358 1688 1520 1793 aequabili
1534 1705 1665 1762 rectam
1680 1688 1759 1777 SV,
1779 1710 1884 1789 quem

532 1811 671 1867 motum
695 1790 882 1867 secundum
902 1815 1014 1868 ternas
1041 1794 1247 1869 directiones
1270 1791 1396 1889 resolvi
1414 1811 1581 1896 oporteat.
1656 1794 1719 1863 His
1741 1808 1906 1892 agantur·

534 1923 578 1968 ex
591 1915 739 1993 utroque
756 1900 905 1966 termino
922 1900 985 1968 Set
996 1892 1028 1967 V
1041 1917 1152 1970 rectae
1168 1894 1343 1998 parallelae
1361 1899 1427 1984 SA,
1453 1899 1512 1982 SB,
1538 1898 1603 1980 SC,
1614 1913 1713 1995 atque
1729 1890 1884 1984 VP,VQ.

535 2000 617 2083 VR,
639 1992 750 2095 quoad
764 2021 916 2097 quaeque
930 1997 1031 2100 plano
1047 1998 1201 2073 binarum
1217 1997 1425 2101 reliquarum
1443 1994 1682 2080 directionum,
1692 1992 1898 2069 adulterum

533 2101 717 2170 terminmn
729 2097 984 2172 constitutarum
1001 2119 1165 2173 occurrat
1194 2102 1273 2172 Hoc
1284 2097 1396 2173 modo
1414 2105 1543 2173 orietur
1556 2092 1889 2200 parallelepipedum,

532 2241 626 2330 cujus
645 2237 701 2307 SV
724 2233 769 2307 esl
792 2229 998 2335 diagonalis:¹
1024 2258 1125 2342 atque
1138 2259 1254 2312 motus
1268 2264 1331 2341 per
1345 2241 1414 2334 SV,
1425 2244 1519 2333 cujus
1534 2233 1685 2311 celeritas
1701 2234 1748 2310 est
1760 2266 1800 2313 ς.
1826 2193 1887 2367 {K

463 2408 465 2413 ’
531 2392 579 2462 ita
594 2407 705 2461 mente
721 2392 756 2459 in
772 2406 839 2459 tres
854 2404 963 2463 aaronis
982 2384 1170 2462 secundum
1183 2364 1261 2480 SA,
1284 2392 1345 2479 SB,
1363 2390 1429 2479 SC,
1451 2384 1576 2482 resolvi
1590 2387 1717 2490 potest,
1753 2363 1888 2479 utmo-

446 2564 448 2568 v
530 2545 585 2599 tus
600 2522 858 2601 secuudum-SA
874 2527 1027 2600 celeritas
1044 2524 1083 2600 sit
1097 2558 1136 2597 =
1155 2488 1225 2616 sss,
1255 2545 1370 2601 motus
1394 2521 1578 2600 secundum
1601 2526 1650 2596 SB
1676 2524 1829 2601 celeritas
1851 2555 1891 2597 ι.-

1173 2615 1187 2663 t

534 2677 601 2851 ἕξ,
626 2733 659 2789 et
673 2711 976 2791 motussecundum
986 2720 1041 2792 SC
1055 2704 1257 2789 celeritasz'·
1280 2678 1338 2850 {ij
1388 2720 1440 2788 Ex
1460 2717 1512 2813 lais
1534 2716 1639 2787 tribus
1666 2714 1891 2831 celeritatibps

537 2894 608 2940 non
624 2863 733 2939 solum
751 2895 833 2941 vera
850 2869 1002 2943 celeritas
1018 2897 1079 2969 per
1096 2866 1308 2970 diagonalem
1327 2870 1382 2941 SV
1392 2863 1684 2956 determinabitur,
1710 2860 1775 2969 sed.
1789 2873 1892 2965 etiam
1918 2884 1921 2889 '

537 2987 652 3040 motus
669 2966 825 3054 directio,
840 2976 972 3040 ratione
988 2960 1160 3043 ternarum
1176 2967 1420 3053 directricium,
1435 2962 1623 3041 innotescit.
1656 2966 1790 3042 Eodem
1805 2995 1890 3043 vcro

533 3064 662 3153 ¹niodo,
678 3066 702 3137 st
720 3069 776 3137 SV
793 3066 829 3140 sit
846 3068 1053 3143 elementum
1069 3097 1190 3143 curvae
1208 3078 1449 3170 cuiuscunque,
1468 3069 1680 3168 tempusculo
1695 3070 1735 3145 dt
1750 3098 1891 3171 percuc-

533 3154 627 3256 sum,
647 3163 810 3240 resolutio
833 3175 993 3251 internas
1018 3172 1205 3246 celeritates
1230 3169 1415 3246 secundnm
1434 3189 1544 3243 ternas
1565 3196 1782 3275 quascunque
1803 3170 1892 3249 dire·

477 3272 479 3285 '
534 3276 664 3345 ctiones
679 3269 804 3343 inslitui
823 3272 943 3374 potesl.

903 3422 906 3429 ’
1011 3451 1343 3528 scrrocrou.
1392 3477 1419 3526 2„
1490 3450 1494 3461 ·

546 3664 558 3675 -
634 3619 685 3707 65.
710 3617 751 3686 ln
768 3617 819 3685 his
837 3632 950 3684 motus
965 3609 1303 3688 determinationibus
1319 3614 1449 3689 secutus
1476 3612 1550 3688 sum
1567 3614 1719 3688 usitatam
1743 3620 1779 3688 in
1800 3616 1894 3691 Geo-

537 3719 659 3788 metria
675 3712 890 3812 methodum,
904 3713 1059 3785 naturam
1075 3714 1238 3790 linearum
1255 3744 1436 3790 curvarum
1455 3745 1522 3819 per
1541 3719 1634 3789 binas
1648 3719 1701 3793 uel
1717 3737 1826 3801 ternas
1838 3744 1895 3792 co·

486 3812 488 3817 ¹
538 3817 708 3890 ordinatas
724 3813 950 3919 exprimendi3
976 3812 1061 3887 illud
1077 3812 1219 3911 scilicet,
1243 3816 1380 3920 quando
1400 3846 1502 3891 curva
1516 3822 1586 3892 to't'a
1602 3827 1637 3892 in
1653 3817 1776 3893 eodem
1793 3818 1894 3923 plano
1925 3892 1929 3927 a

537 3918 583 3990 esl
602 3916 763 4006 fita‚‚.hoc
781 3945 877 4004 vero,
885 3918 941 3991 ubi
956 3914 1081 3992 eodem
1098 3918 1200 4019 plano
1217 3928 1384 3995 contineri
1401 3928 1530 4023 nequit.
1580 3921 1683 4021 Quae
1699 3921 1893 4010 methodus,
1924 3940 1929 4015 ¹.

539 4024 587 4092 uti
608 4027 757 4122 primum
770 4017 806 4121 'se
828 4019 970 4109 obtulit,
999 4025 1046 4091 ita
1072 4047 1135 4093 nos
1154 4021 1350 4097 manuduxit
1366 4021 1407 4097 ad
1424 4021 1586 4126 insignem
1597 4024 1696 4119 :illam
1710 4044 1827 4100 motus
1843 4052 1894 4101 re·
1908 4062 1929 4123 ,ι

440 4191 442 4195 .
538 4117 757 4210 solutionem,
778 4118 957 4195 secundum
978 4117 1070 4193 datas
1086 4120 1141 4194 vel
1157 4122 1237 4198 duas
1253 4126 1308 4200 uel
1326 4146 1393 4199 tres
1419 4123 1622 4199 directiones
1647 4122 1894 4215 instituendam,
1924 4156 1929 4215 4¹

538 4248 624 4322 quae
637 4249 700 4325 per
714 4221 905 4297 uniuersam
919 4225 1157 4296 Mecltanicam
1175 4227 1359 4329 amplissimi
1378 4236 1442 4302 erit
1457 4224 1554 4319 usus,
1576 4226 1659 4301 dum
1673 4235 1829 4329 cognitio
1843 4254 1902 4303 ct··
1927 4222 1929 4229 ¹

539 4323 712 4397 leritatum
730 4324 918 4398 lateralium
934 4324 1034 4398 sarnul
1050 4346 1164 4398 motus
1187 4327 1413 4404 directionem
1437 4352 1537 4433 atque
1561 4328 1778 4404 inflexionem
1800 4338 1840 4405 iu
1866 4326 1896 4405 se

537 4425 796 4533 complectitur,
836 4433 931 4522 cujus
961 4424 1187 4505 consideratio
1217 4431 1383 4508 calculum
1409 4434 1560 4538 alioquin
1585 4460 1655 4509 non
1679 4432 1897 4513 mediocriter

1821 4561 1896 4638 pes·

1877 4680 1929 4948 l
