4092 5134
531 463 603 547 342
774 426 972 519 catur
993 390 1091 523 xv.
1147 426 1225 513 on
1248 420 1429 515 Moru
1455 418 1652 511 suano

534 616 614 709 βε
629 618 713 714 y:
738 631 821 707 900,
844 616 883 691 ad
902 619 968 691 lroc
990 636 1117 689 tautum
1139 612 1296 719 respeelu
1312 620 1381 690 axis
1399 616 1445 687 ln
1462 615 1645 717 requiritur
1665 616 1881 683 momentum
1900 706 1907 719 .

743 754 881 810 ilerd&

538 813 658 879 virium
681 834 719 870 =
743 840 871 943 W
895 861 905 892 ,
932 812 979 878 uti
999 814 1064 901 jam
1085 804 1402 907 suprainnenimut.

1046 994 1368 1067 Scnotton.

652 1170 726 1243 802.
750 1144 923 1231 Problema
942 1160 1008 1232 hoc
1028 1159 1116 1233 haud
1126 1156 1292 1233 difficilius
1310 1153 1418 1229 solutu
1433 1149 1568 1243 fuisset,
1590 1152 1616 1227 sa
1633 1159 1769 1252 corpori
1784 1176 1884 1253 prae·

538 1279 588 1329 ter
610 1276 735 1329 motum
759 1266 969 1359 gyratorimu
991 1256 1126 1361 iusuper
1150 1280 1284 1334 motum
1305 1254 1548 1357 progrellivum
1568 1279 1803 1355 quemcunque
1819 1258 1882 1324 tti-

536 1354 739 1445 buillemus,
764 1366 821 1455 qui
840 1360 1050 1459 tempusculo
1065 1364 1104 1437 dt
1125 1369 1226 1433 ctiam
1240 1356 1446 1459 praescripto
1464 1352 1570 1429 inodo
1589 1361 1705 1427 variari
1722 1352 1883 1429 deberet!

537 1457 563 1531 si
588 1464 677 1530 enim
699 1478 852 1530 centrum
877 1466 1015 1535 inertiae
1040 1481 1174 1535 motum
1192 1460 1310 1533 habeat
1329 1484 1591 1561 quemcunque,
1626 1462 1683 1559 qni
1697 1450 1884 1529 secundum

538 1584 613 1629 axes
631 1558 826 1656 principales
845 1558 1008 1637 resolutus
1022 1564 1176 1664 praebent
1203 1561 1385 1635 celeritates
1400 1563 1439 1648 Ι,
1464 1586 1522 1647 m,
1544 1585 1592 1643 n,
1615 1555 1825 1729 tequusculo
1840 1552 1883 1627 dt

537 1656 602 1730 suis
622 1685 758 1757 quoque
772 1655 1045 1735 differentialibns
1061 1658 1252 1751 augendas,
1278 1660 1463 1733 celeritates
1480 1685 1528 1743 rt,
1556 1682 1602 1743 υ,
1628 1672 1658 1731 lu
1693 1682 1773 1755 upra
1786 1652 1881 1727 valo·

537 1784 590 1831 res
604 1785 644 1829 ex
657 1777 752 1831 motu
768 1768 1054 1860 gyratorio'natos
1073 1752 1124 1836 hi's
1141 1760 1352 1863 progreffivis
1371 1764 1388 1834 l
1398 1815 1410 1849 ,
1436 1787 1496 1845 m,
1522 1784 1545 1831 n
1566 1764 1681 1857 augeri
1708 1756 1882 1843 deberent,

538 1880 637 1959 atque
659 1885 699 1929 eu
723 1863 843 1931 harum
863 1869 1079 1955 incrementis
1101 1862 1316 1937 nascerentur
1338 1867 1425 1934 uires
1444 1868 1461 1947 ²,
1495 1882 1637 1959 quarum
1669 1858 1883 1957 aequivalens

540 1979 771 2059 pertentium
789 1967 926 2036 inertiae
941 1966 1114 2053 transiret,
1144 1970 1336 2066 pariterque
1356 1958 1389 2035 se
1406 1961 1559 2046 haberet,
1587 1987 1624 2031 ac
1642 1956 1800 2131 licorpus
1814 1957 1892 2029 stne

535 2058 607 2131 ullo
625 2080 721 2132 motu
735 2071 910 2160 gyratorio
930 2068 1019 2137 hune
1035 2064 1141 2137 solum
1153 2085 1287 2139 motum
1302 2059 1545 2165 progrelllsmu
1563 2054 1719 2161 prosequi
1757 2060 1883 2131 eberet.

535 2163 615 2252 Quo
640 2161 674 2229 irl
694 2160 939 2261 consumatur,
962 2165 1054 2264 quod
1074 2175 1140 2261 jam
1155 2163 1252 2266 supra
1279 2163 1499 2249 ostendimus,
1525 2167 1560 2231 in
1580 2158 1635 2231 tali
1652 2180 1747 2233 motu
1772 2168 1884 2232 mixto

534 2256 665 2357 semper
678 2278 810 2331 motum
826 2264 1070 2365 progreffivum
1084 2285 1118 2341 et
1130 2272 1341 2366 gyratorinm
1358 2263 1391 2339 se
1415 2268 1499 2339 arati
1512 2320 1524 2359 ‚
1539 2282 1572 2333 et
1592 2283 1773 2361 utrumque
1791 2260 1885 2335 seor·

531 2357 618 2447 tiro.
645 2359 734 2463 quast
746 2361 827 2437 alter
843 2392 913 2437 nou
928 2362 1050 2441 adesset
1068 2424 1078 2455 ,
1105 2366 1307 2441 confiderari
1321 2394 1358 2439 ac
1381 2294 1598 2441 tletermioari
1616 2363 1726 2437 licere.

957 2536 1382 2619 prostrata.
1438 2543 1489 2617 88.

621 2671 711 2753 803.
736 2663 769 2732 si
796 2689 918 2761 corpus
942 2670 1114 2765 rigidmn,
1146 2664 1226 2742 dum
1249 2676 1336 2741 circa
1358 2664 1469 2739 datum
1487 2692 1583 2739 axem
1607 2668 1656 2739 10
1676 2664 1885 2742 dataceleri·

537 2778 602 2831 tate
616 2760 766 2861 angulari
785 2786 1009 2862 :regyratur
1025 2825 1035 2856 ,
1062 2794 1080 2839 a
1094 2771 1219 2842 viribus
1241 2772 1491 2875 quibuscunque
1519 2764 1740 2857 sollicitetur,
1761 2772 1884 2869 quibus

537 2859 635 2933 fiourl
649 2860 800 2958 aequales
817 2884 849 2933 et
866 2876 1052 2941 contrariae
1070 2866 1130 2967 ipsi
1145 2891 1263 2944 centro
1277 2876 1419 2942 inertiae
1435 2868 1497 2940 fint
1513 2866 1702 2973 applicatae,
1720 2866 1884 2942 determi-

536 2986 614 3029 nare
633 2982 698 3031 tam
717 2967 932 3035 variationem
948 2976 1039 3055 axis,
1060 2996 1161 3068 quam
1183 2977 1405 3051 mutationem
1431 2968 1608 3043 celeritatis
1629 2968 1794 3075 angularis
1815 2971 1884 3045 ele·

537 3080 653 3139 sumto
671 3068 830 3164 temporis
848 3064 887 3137 dt
910 3066 1124 3172 prodamus.
1467 3068 1477 3087 '

1073 3238 1360 3313 solorio.

643 3373 856 3475 Colligantur
874 3382 997 3450 virium
1013 3374 1262 3453 sollicitantium
1278 3401 1450 3455 momenta
1462 3378 1612 3485 relpeClu
1629 3404 1806 3465 ternorum
1822 3400 1889 3467 axi·

538 3486 596 3545 um
616 3474 853 3575 principalium
867 3484 1033 3577 corporis,
1048 3479 1087 3552 sit
1112 3506 1153 3553 ue
1626 3538 1630 3545 -

689 3596 906 3661 momentum
919 3582 1040 3655 uiritim
1053 3508 1113 3653 rel
1130 3580 1204 3653 etta
1220 3586 1286 3653 axis
1304 3585 1351 3653 tn
1365 3588 1399 3653 in
1413 3578 1542 3657 sensum
1565 3588 1622 3657 BC
1636 3619 1672 3655 ε.-
1688 3590 1712 3657 Ρ

689 3696 899 3747 momentum
915 3684 1036 3751 virimn
1056 3609 1208 3856 relllpleilu
1222 3689 1290 3755 axis
1306 3687 1348 3753 lB
1365 3690 1398 3753 in
1415 3670 1546 3756 sensum
1564 3688 1624 3757 Cn
1639 3718 1675 3752 =
1694 3690 1734 3786 Q

691 3796 905 3855 momentum
919 3786 1043 3855 vitium
1058 3808 1096 3859 re
1111 3787 1209 3883 pet‘lu
1223 3788 1290 3855 axis
1306 3785 1353 3853 lC
1366 3790 1401 3855 1⁶11
1415 3780 1546 3855 sensum
1562 3790 1617 3857 ΛΒ
1632 3816 1669 3853 ’·-“-
1681 3792 1719 3861 R·

540 3872 718 3945 Motuenta
733 3894 842 3949 autem
861 3884 996 3957 inertiae
1008 3892 1164 3987 corporis
1180 3880 1331 3981 respetlu
1351 3882 1536 3957 eortruderu
1559 3891 1669 3955 arinm
1692 3888 1753 3960 sint
1776 3906 1813 3959 ut
1831 3891 1891 3961 lia·

539 3968 654 4039 uentu
679 3972 784 4061 Mea,
820 3976 921 4066 Mil,
956 3986 1041 4065 laice,
1108 3980 1209 4081 Quod
1236 3982 1260 4055 st
1282 3990 1346 4075 jam
1375 4010 1497 4085 corpus
1520 4004 1660 4083 gyretur
1688 3996 1724 4067 in
1756 3984 1892 4065 seusism

540 4068 627 4141 ΑΒΕ
641 4070 806 4147 celeritate
824 4079 972 4177 aogrrlari
990 4116 1030 4153 ε.-
1044 4110 1067 4160 ts
1081 4090 1168 4157 circa
1182 4108 1277 4155 axem
1294 4084 1366 4171 10,
1393 4093 1486 4177 cnjus
1501 4084 1733 4164 inclinationes
1753 4088 1793 4161 ad
1813 4118 1891 4163 eos·

541 4164 617 4236 clem
637 4196 711 4243 oses
726 4180 921 4279 principales
939 4210 1030 4254 mmc
1045 4182 1106 4257 fio:
1127 4186 1206 4257 nto
1226 4216 1266 4253 =
1286 4212 1337 4270 a,
1367 4188 1442 4255 mo
1457 4218 1497 4251 =
1510 4178 1563 4271 β,
1594 4190 1676 4264 e10
1690 4225 1726 4261 =
1747 4215 1797 4281 γ’
1825 4194 1892 4263 hae

541 4278 742 4373 qutantitutcs
763 4283 972 4383 tempusculo
988 4285 1033 4385 dt·
1042 4278 1217 4387 sequentes
1232 4288 1433 4359 mutationes
1440 4278 1612 4387 'stibibunt

1773 4407 1892 4485 agP&

1762 4490 1894 4578 'iffi‘
