4092 5134
429 390 1400 533 nounuuaunnaursnmurnours
1414 448 1456 533 a
1475 449 1552 538 aa.
1611 476 1682 565 aa

326 596 458 710 liuttui
481 636 547 709 lire
566 636 689 719 viribus
704 630 955 706 sollicitantibus
970 628 1075 701 libere
1093 627 1230 734 obsequi
1246 629 1404 733 poliunt,
1428 666 1465 709 ac
1480 645 1592 737 primo
1608 646 1682 741 qui·

326 737 509 811 demulces
533 734 756 809 sollicitantes
765 754 922 806 externas
944 756 1206 819 removeamus,
1233 762 1378 835 corpora
1400 738 1458 811 libi
1482 748 1608 813 tantmu
1629 768 1681 812 re·

328 840 409 913 litia
429 837 719 937 contemplaturi5
744 855 791 935 'ut
819 826 1024 907 extrinsecus
1052 834 1140 907 nihil
1162 835 1330 927 accedat,
1369 837 1462 940 quod
1486 841 1526 913 ad
1549 850 1683 915 r'notum

328 948 509 1043 quiequam
519 936 691 1015 conferat.
727 938 913 1034 ,Quoniam
929 954 1043 1007 antem
1057 934 1189 1009 indoles
1204 946 1313 1011 axium
1329 942 1583 1041 principalium,
1607 950 1683 1044 qui-¹
1814 1016 1819 1033 ,

327 1044 388 1116 bus
404 1071 524 1145 corpus
542 1042 587 1117 cll
604 1034 821 1139 praeditum,
849 1040 907 1112 lric
922 1041 1086 1135 imprimis
1104 1044 1139 1110 in
1154 1060 1353 1139 computum
1367 1042 1573 1142 ingreditur,
1601 1046 1680 1117 inde

327 1145 476 1217 naturale
492 1144 583 1247 quast
600 1138 782 1214 discrimen
798 1148 833 1213 in
855 1139 1055 1237 corporibus
1072 1140 1233 1239 constitui
1256 1150 1460 1227 conueniet,
1484 1165 1585 1244 prout
1607 1174 1681 1219 mo·

325 1267 439 1320 menta
459 1252 599 1319 inertiae
616 1269 737 1315 eorum
758 1236 910 1343 respedlu
926 1236 1053 1315 fuerint
1073 1244 1271 1343 comparata.
1322 1248 1413 1317 Tres
1431 1250 1533 1345 igitur
1557 1273 1681 1345 corpo·
1734 1266 1737 1273 '

326 1375 406 1422 rum
426 1343 539 1420 classes
561 1344 829 1431 constituamus,
866 1339 907 1415 ad
931 1369 1074 1442 quarum
1096 1351 1241 1443 primam
1263 1369 1300 1415 ea
1324 1342 1681 1449 referamus'corpora

326 1474 475 1551 quorum
490 1466 665 1521 momenta
690 1440 752 1517 res
768 1444 843 1518 eliu
868 1451 979 1517 axium
1006 1445 1242 1549 principalium
1262 1446 1324 1518 saut
1347 1453 1436 1521 inter
1460 1443 1493 1519 se
1515 1449 1682 1549 aequalia3

325 1548 369 1623 ad
384 1547 562 1622 secundam
582 1574 665 1621 vero
679 1474 811 1619 clallem
825 1572 864 1621 ea
879 1571 1051 1645 corpora,
1082 1554 1119 1619 in
1140 1549 1261 1649 quibus
1282 1544 1351 1619 dno
1377 1544 1550 1621 momenta
1572 1547 1683 1650 respe-

325 1652 383 1723 uu
400 1658 511 1722 axium
531 1648 770 1751 principalium-
782 1647 845 1721 suu
860 1646 1028 1751 aequalia,
1047 1642 1193 1721 ¹tertium
1207 1662 1291 1723 verb
1307 1648 1372 1720 illis
1388 1650 1571 1749 inaequale.
1593 1654 1684 1722 Ter·

309 1761 372 1825 tia
392 1779 475 1825 vero
493 1749 594 1825 clall'ts
613 1757 648 1823 in
670 1776 795 1849 genere
811 1755 925 1823 omnia
942 1774 980 1820 ea
995 1776 1140 1849 corpora
1155 1744 1415 1849 compluimur,
1445 1760 1594 1851 quorum·
1607 1764 1682 1823 ino-

326 1874 440 1928 menta
456 1850 608 1957 respefflu
626 1856 737 1923 axium
756 1849 992 1950 principalium
1005 1858 1093 1925 inter
1108 1848 1143 1925 se
1155 1850 1220 1926 lint
1236 1851 1433 1954 inaequalia.
1580 1878 1600 1945 j
1638 1852 1646 1863 '

332 2365 428 2471 nn
447 2365 679 2487 Moru
709 2272 956 2472 alanno
995 2298 1388 2505 conponant
1426 2368 1686 2477 arnano-

274 2568 301 2597 *
330 2535 458 2625 nun
489 2514 701 2621 annuis
750 2530 952 2619 nunus
996 2528 1413 2618 ancrpannus
1456 2534 1681 2627 PARtBUS

431 2668 850 2759 rnanmnouun
891 2668 976 2755 ET
1018 2671 1061 2753 a
1104 2669 1318 2755 uunnrs
1366 2669 1579 2756 vannus

732 2802 1267 2913 SOLLlClTATORUM.

734 2988 1132 3097 'nrrmmrrn
1189 3044 1235 3105 a

432 3194 512 3277 684.
542 3114 873 3293 Corpus'rigidmn
895 3212 962 3267 tres
980 3218 1058 3265 axes
1078 3192 1268 3294 principales
1281 3206 1376 3292 parer
1401 3186 1523 3258 habere
1549 3175 1704 3275 dicitur,¹

330 3285 467 3400 quando
493 3296 561 3383 ejus
587 3312 762 3366 momenta
790 3298 930 3367 inertiae
961 3290 1115 3394 respeiiu
1145 3300 1255 3365 axium
1281 3288 1516 3389 principalium
1543 3289 1685 3389 interis

274 3408 304 3497 '.
333 3395 410 3463 lunt
436 3390 594 3493 aequalia.

786 3508 1123 3621 ³coaorn
1175 3564 1201 3615 a

437 3699 509 3786 685.
535 3699 574 3768 ln
591 3694 708 3767 talibus
726 3718 810 3795 ergo
827 3690 1027 3791 corporibus
1044 3715 1162 3763 omnes
1179 3691 1288 3764 reciae
1304 3718 1365 3792 per
1381 3698 1450 3785 ejus
1467 3680 1617 3766 cent'rum
1634 3701 1685 3767 in-

332 3798 434 3866 ertiae
455 3795 571 3871 diuae
599 3802 710 3869 vicem
736 3802 848 3867 axium
874 3790 1112 3895 principalium
1136 3814 1285 3895 gerunt,
1324 3820 1510 3897 eorumque
1536 3792 1687 3896 respeClu
1797 3826 1802 3839 ·

297 3972 299 3977 ,
330 3916 511 3969 momenta.
521 3904 659 3974 inertiae
674 3904 771 3999 'iuter
787 3892 820 3969 se
835 3913 934 3969 erunt
958 3892 1117 3995 aequalia.

846 4022 1105 4134 canona
1157 4082 1191 4137 a
1343 4110 1346 4114 -

436 4190 512 4265 686.
536 4186 762 4286 Quaecunque
777 4192 879 4287 igitur
896 4205 1008 4257 ternae
1027 4186 1137 4259 reilae
1160 4182 1193 4257 se
1215 4202 1335 4257 ruutuo
1352 4190 1386 4256 in
1407 4186 1526 4259 centro
1549 4195 1687 4261 inertiae

331 4285 532 4358 normaliter
547 4282 693 4359 secantes
709 4313 773 4385 pro
789 4286 1019 4361 diredlricibus
1038 4280 1268 4373 assumantur,
1293 4286 1319 4361 ss
1341 4286 1416 4359 suns
1441 4296 1583 4381 cujusvis
1607 4316 1683 4360 cor-

331 4391 428 4489 poris
447 4384 683 4461 elementidM
699 4414 759 4489 per
932 4407 992 4459 uas
1019 4388 1083 4460 illis
1112 4387 1282 4490 parallelas
1304 4386 1354 4474 rc,
1369 4410 1428 4486 y,
1460 4408 1492 4459 et
1508 4414 1528 4457 z
1545 4388 1683 4462 delinia-

332 4510 390 4563 tur
404 4482 509 4597 ‚erit
521 4512 584 4591 per
598 4506 707 4563 totum
724 4514 769 4565 eo
968 4494 1044 4561 ll:
1060 4515 1107 4577 o,
1128 4490 1310 4591 fieszff
1324 4510 1347 4556 o
1363 4488 1534 4585 etsysz
1548 4524 1587 4557 ε
1603 4514 1635 4560 0.

439 4606 443 4613 '
560 4624 562 4631 ·
722 4594 727 4599 ’
984 4594 1077 4663 lma
1600 4594 1686 4669 CO.
