4092 5134
902 188 1022 203 Ἰ

623 215 826 263 lg,
992 242 1040 275 Ι,

315 482 318 505 .
435 346 747 523 ὀΟΚΡΟΚυΜ
765 408 1039 519 GRAVIUM
1064 423 1232 511 ctttcA
1255 426 1550 573 AXEM'Sn„
1587 440 1672 542 469
1781 516 1783 521 .
1902 452 1913 463 ·

805 611 937 683 tert
958 613 1030 683 ot
1056 613 1120 683 to
1148 618 1193 689 u.

426 746 512 799 toto.
534 719 722 797 Terminos
739 744 822 819 ergo
845 716 1047 812 cylindricos
1067 726 1114 802 tta
1135 716 1303 795 fiassentart
1321 722 1510 813 convenit,
1536 745 1574 797 ut
1588 752 1669 799 con-

322 842 434 915 tactae
454 830 608 919 utrinque
632 825 668 890 in
692 825 793 891 rmico
817 818 875 897 fiat
896 840 1048 918 puncto,
1073 827 1150 919 quia
1173 842 1242 893 tum
1268 846 1480 897 momentum
1501 825 1667 902 frictiouis

322 924 506 999 minimum
523 918 698 995 redditur:
723 946 826 1021 quem
840 926 875 991 iu
894 921 999 1005 finem
1016 946 1074 991 eos
1090 924 1279 995 caritatibus
1303 928 1407 999 MLN
1425 927 1497 1028 (fig.
1515 934 1591 1019 132.)
1606 935 1668 999 im.

320 1034 406 1129 poni
424 1020 577 1124 expediet
591 1068 605 1110 ,·
630 1046 714 1122 quae
731 1027 767 1092 in
781 1020 930 1101 forratam
943 1018 1143 1095 semicirculi
1166 1024 1339 1095 craffitiem
1362 1052 1432 1097 non
1455 1028 1599 1099 multum
1616 1026 1667 1101 su-
1750 1046 1756 1087 ¹

319 1134 471 1231 pereatis
486 1124 549 1197 fint
564 1140 760 1211 excavatae,
785 1121 921 1195 nefitus
940 1180 950 1211 ,
972 1150 1075 1225 quem
1095 1128 1131 1193 iu
1148 1143 1244 1195 motu
1261 1125 1434 1213 obtinent,
1456 1128 1600 1199 multum
1617 1128 1667 1201 di·

318 1228 453 1329 screpet
469 1254 487 1297 a
504 1225 566 1297 fitu
579 1228 711 1323 quietis.
760 1222 861 1301 ‘I'um¹
881 1250 964 1296 vero
988 1228 1052 1295 lios
1078 1230 1240 1297 terminos
1262 1224 1464 1316 cylindricot
1483 1255 1582 1328 quam
1597 1256 1665 1300 ma·

317 1338 412 1405 xime
425 1349 539 1400 tenues
555 1325 640 1396 effici
655 1341 815 1423 oportet,
830 1344 992 1424 quantum
1002 1324 1143 1425 ¹quidem
1159 1352 1277 1397 eorum
1288 1325 1423 1398 firmitas
1436 1338 1568 1401 ratione
1581 1357 1667 1430 pou·

318 1432 412 1507 deris
426 1424 570 1503 octiandi
588 1431 764 1525 permittit.
812 1428 986 1499 Praeterea
1002 1432 1103 1497 etiam
1122 1429 1156 1497 hi
1177 1433 1312 1499 termini
1337 1427 1416 1499 oleo
1438 1430 1542 1502 aliave
1563 1450 1666 1503 mate·

317 1542 373 1611 ria
393 1493 518 1604 lulrtca
541 1533 658 1627 inungi
679 1520 809 1613 solent,
842 1552 912 1627 quo
927 1533 1174 1627 tatagitattritus
1190 1524 1416 1615 diminuatur,
1441 1527 1665 1630 fractionique

318 1634 472 1723 lutinor
487 1630 580 1701 valor
593 1628 800 1699 concilietur.
849 1630 989 1701 Interim
1007 1645 1119 1701 tamen
1137 1624 1238 1723 casu,
1264 1656 1366 1729 quem
1385 1624 1495 1705 samus
1513 1650 1663 1705 content·

317 1740 427 1839 plati,
445 1753 558 1806 motor
577 1752 658 1801 atrox
676 1734 914 1828 extinguetur,
938 1728 1032 1827 quod
1048 1729 1108 1801 fiet
1132 1726 1244 1831 elapso
1263 1751 1417 1831 tempore

666 1848 1079 1963 animatum

318 2136 467 2238 Quando
485 2156 595 2209 autem
611 2140 699 2208 vireo
717 2130 944 2229 adhibentur,
965 2133 1006 2207 ad
1021 2158 1155 2209 motum
1175 2135 1470 2227 conservandum,
1493 2165 1533 2211 ex
1547 2136 1666 2212 iisdem

315 2244 499 2345 principiis·
517 2264 632 2309 earum
648 2242 814 2336 'quantitas
839 2234 981 2329 defiuiti-
998 2240 1129 2336 potell,
1151 2259 1184 2309 ut
1199 2262 1311 2311 motus
1326 2261 1457 2313 maneat
1474 2238 1663 2313 uniformis.
1775 2310 1788 2319 ,
1864 2268 1868 2279 ’

319 2345 526 2441 Quinetiam
540 2338 733 2432 huittstnodi
749 2340 938 2425 machinae,
951 2334 1031 2409 dum
1045 2344 1215 2437 ingyrum
1234 2360 1395 2439 aguntur,
1419 2338 1459 2410 ad
1476 2366 1580 2423 onera
1596 2340 1664 2413 ele·
1777 2386 1782 2391 -

318 2440 430 2519 vanda
446 2440 560 2512 inllrui
576 2436 709 2527 solent,
732 2466 816 2538 quae
837 2444 992 2539 operatio
1007 2460 1045 2511 ut
1059 2460 1156 2511 motu
1173 2440 1335 2533 uniformi
1359 2440 1573 2537 perficiatur,
1595 2462 1664 2513 tm·

315 2542 500 2621 tisviribus
526 2566 610 2640 opus
633 2538 706 2626 ell,
736 2566 820 2639 quae
843 2556 914 2611 don
943 2536 1053 2611 solum
1079 2546 1192 2614 oneris
1217 2542 1456 2637 restllentiam,
1481 2538 1535 2612 sed
1562 2546 1662 2614 etiam

315 2646 515 2723 frictionem
534 2640 688 2741 superare
702 2642 830 2749 valeant
846 2665 857 2735 3
880 2668 982 2740 quem
998 2638 1134 2732 calum,
1156 2670 1233 2717 cum
1244 2649 1287 2716 ¹in
1310 2649 1378 2715 vita
1399 2650 1573 2716 communi
1586 2641 1662 2744 ‘fre-

315 2742 529 2855 quentiffitne
546 2760 725 2842 occurrat,
747 2746 805 2815 hic
820 2742 1028 2825 evolvamus,
1236 2738 1240 2745 ’

780 2913 1128 2985 PttotttrMA.
1177 2925 1210 2996 8.

417 3066 498 3119 1011.
518 3044 552 3113 Si
577 3006 745 3135 cylindrus
767 3038 846 3141 (fig.
868 3041 957 3133 129.)
986 3036 1181 3113 adhibeatur
1204 3034 1245 3111 ad
1273 3061 1358 3109 onus
1382 3030 1564 3136 quodpiam
1590 3028 1658 3107 ele·

315 3140 726 3241 vandamdetenntnare
749 3146 838 3219 vires
855 3147 886 3215 ei
908 3136 1136 3241 applicandas,
1162 3160 1198 3214 ut
1220 3139 1328 3213 habita
1345 3134 1511 3210 frictionis
1531 3137 1658 3205 ratione

315 3268 432 3349 motus
446 3244 598 3320 servetur
610 3241 801 3318 uniformis.

812 3410 1162 3482 totvm.

419 3532 595 3609 incumbat
610 3532 693 3604 alter
707 3537 870 3605 terminus
892 3528 1093 3623 cylindricus
1111 3588 1122 3619 ‚
1149 3537 1239 3625 cujus
1263 3530 1372 3606 radius
1390 3534 1450 3605 GE
1467 3564 1506 3603 =
1519 3528 1577 3603 GF
1594 3528 1668 3625 :s
1677 3538 1757 3624 pio,
1774 3562 1842 3633 134,

315 3642 400 3715 binis
417 3637 523 3738 planis
538 3632 700 3707 inclinatis
720 3634 790 3704 ML
808 3652 840 3705 et
856 3634 941 3723 NL,
964 3659 1058 3733 quae·
1073 3660 1150 3705 cum
1173 3634 1355 3705 horizonte
1376 3632 1514 3731 angulos
1539 3628 1660 3703 saciant
1717 3612 1739 3647 ⁰

316 3730 388 3849 ζεῖ
403 3768 447 3835 η,
467 3739 585 3838 quibua
599 3732 753 3833 aeqttales
770 3752 869 3805 erunt
883 3736 1021 3835 anguli,
1048 3758 1132 3831 qnos
1154 3730 1237 3805 radii
1254 3736 1315 3805 GE
1337 3754 1370 3807 et
1390 3739 1448 3808 GF
1473 3730 1512 3803 ad
1538 3752 1660 3832 puncta
1765 3800 1770 3809 ,

315 3858 487 3923 contactus
502 3842 530 3909 E
546 3838 618 3909 et'F
632 3832 722 3909 ducti
733 3860 811 3907 cum
823 3856 913 3909 recta
930 3836 1079 3909 verticali
1093 3838 1160 3907 GH
1169 3832 1305 3909 faciunt.
1357 3839 1448 3909 Dum
1464 3854 1658 3906 autetncor·

315 3972 377 4045 pus
394 3951 429 4013 in
443 3935 574 4013 sensum
591 3940 648 4010 EF
662 3956 827 4038 gyratur,
849 3964 912 4037 ope
929 3934 1052 4009 cordae
1070 3942 1103 4010 in
1128 3939 1242 4011 medio
1266 3938 1528 4013 circumvolutae
1550 3935 1660 4007 eleuet

315 4074 401 4121 onus
414 4076 454 4115 τ.
468 4040 525 4136 Q,
547 4037 639 4143 qnod
656 4032 807 4138 pondere
825 4036 882 4111 suo
897 4072 936 4107 =
953 4041 1090 4139 Qvecti
1103 4039 1307 4133 horizontali
1318 4042 1373 4115 GS
1392 4070 1463 4113 :s
1480 4035 1662 4111 secundum

315 4149 541 4237 directionem
560 4142 756 4217 uerticalem
781 4138 974 4245 SQnaotui
995 4142 1188 4217 reluctetur.
1252 4143 1348 4231 Tum
1373 4169 1455 4216 vero
1477 4138 1572 4213 radio
1597 4138 1659 4211 GR

315 4284 355 4323 ς
367 4274 429 4346 r,a
452 4246 601 4345 verticali
625 4246 686 4317 Ga
707 4242 887 4317 declinanti
902 4240 1027 4343 angulo
1044 4244 1136 4315 AGR
1151 4279 1191 4317 =
1207 4242 1362 4347 djrrgiter
1376 4245 1534 4343 applicata
1551 4241 1589 4311 lit
1608 4242 1675 4308 vie.

315 4352 423 4425 tlt:
444 4352 470 4420 P
492 4347 532 4419 ad
548 4352 634 4421 'eum
656 4343 843 4429 normalis,
873 4352 966 4437 cujus
990 4352 1154 4445 quantitas
1176 4356 1372 4448 quaeritur,
1401 4367 1437 4414 m
1460 4364 1570 4414 motus
1589 4364 1658 4409 ma·

315 4472 391 4531 neat
404 4449 591 4557 uniformis·
602 4445 1114 4629 existenteceleritatkangulari
1130 4457 1219 4561 circa
1235 4475 1329 4525 axem
1339 4448 1447 4553 GG:
1461 4462 1488 4531 t.
1540 4438 1659 4621 Quod?

971 4576 1027 4627 tto
1050 4572 1069 4641 3
1415 4591 1417 4595 -
1645 4570 1659 4617 ι
