4092 5134
445 286 457 333 t
501 324 503 331 .
542 266 575 311 ³*
758 336 763 341 ,
955 290 957 295 ·
1070 296 1074 305 ·
1449 312 1452 317 -

205 400 207 405 ¹
252 352 333 488 oa
347 400 542 491 causis
556 342 766 492 Morus
779 402 1069 513 exararus
1082 403 1192 541 sau
1206 388 1433 511 11111111,
1473 442 1531 533 4⁹
1592 334 1596 347 ’

158 596 354 693 ‘paratione
377 619 562 693 corporum
588 611 702 666 mutua
724 570 985 695 cognoscamue,
1018 582 1136 670 tamen*
1152 596 1292 673 dubium
1317 602 1364 674 est
1383 604 1528 695 nullum,

178 699 264 795 quin
290 700 377 767 ratio
404 694 726 807 irnpenetrabilitatis
755 701 794 769 in
815 704 1022 796 proprietate
1044 696 1188 801 quadarn
1215 705 1348 774 interna
1369 714 1528 878 cujusque

121 840 122 845 κ
179 795 484 897 corporissrtfita,
507 803 552 870 ita
583 815 619 870 ut
646 803 760 870 omnia
784 823 930 896 corpora
962 819 1053 870 certa
1074 806 1278 900 proprietate
1303 805 1445 902 quadarn
1479 830 1527 880 rut
1743 780 1748 789 ¹

178 894 350 999 praedita,
378 925 442 998 qua
460 898 634 984 efficiatur,
652 918 688 969 ut
712 903 800 970 inter
814 895 847 969 se
871 898 952 971 fiant
965 902 1238 999 impenetrabilia.
1288 907 1382 977 Haec
1395 906 1539 993 fortasse,

178 1006 369 1101 proprietas
384 1028 453 1072 non
467 1006 579 1101 inepte
590 1002 740 1098 soliditas
766 999 955 1087 vocabitur,
980 1029 1045 1101 qua
1066 1002 1155 1102 quast
1175 1005 1385 1078 rnaterialitas
1409 1012 1529 1082 contii·

180 1116 311 1190 tuatur,
341 1130 426 1204 quae
440 1103 582 1200 proinde
598 1102 687 1173 reue
701 1126 764 1197 pro
782 1095 917 1172 essentia
941 1098 1335 1192 corporum'habebitur.
1406 1107 1529 1183 Fateor

178 1202 349 1303 equidem,
367 1231 438 1276 retn
455 1201 526 1277 fere
545 1231 586 1277 eo
603 1200 725 1289 redire,
737 1200 813 1273 acsr
835 1201 995 1291 dicerent,
1013 1199 1183 1277 essentiam
1207 1234 1389 1304 corporum
1411 1216 1445 1280 in
1461 1239 1527 1285 cora

173 1315 332 1409 parietate
347 1303 534 1378 confisse're.
584 1309 741 1376 Attamen
754 1305 1043 1401 impenetrabiliter
1058 1333 1121 1378 nos
1146 1305 1187 1378 ad
1210 1315 1377 1409 originem
1403 1317 1528 1385 virium

175 1404 390 1494 manuducit,
414 1404 526 1506 sicque
547 1403 671 1479 anudo
697 1399 782 1476 sono
807 1412 942 1507 egregie
966 1406 1178 1510 distinguitur
1186 1439 1198 1499 3
1225 1407 1260 1481 id
1277 1409 1369 1511 quod
1393 1414 1530 1487 uberius

164 1515 305 1612 ..exponi
320 1528 480 1582 meretur.
569 1548 571 1553 ·

663 1660 1059 1733 turoneum

279 1833 336 1898 131.
365 1817 399 1887 Si
416 1812 484 1886 duo
499 1836 644 1914 corpora
657 1815 700 1880 ita
714 1826 856 1892 coeunt,
892 1826 929 1875 ut
950 1828 1108 1880 neutrum
1129 1808 1248 1882 statum
1270 1805 1365 1881 suurn
1391 1810 1525 1888 conser-

176 1934 259 1983 vare
272 1910 387 2011 poffit,
415 1924 496 2019 quin
521 1941 581 2015 per
601 1913 745 1987 alterum
757 1925 922 2009 penetret,
941 1925 1023 1983 tunc
1039 1915 1076 1984 in
1092 1907 1125 1985 se
1138 1929 1256 1985 mutuo
1272 1931 1395 2012 agunt,
1420 1920 1524 1991 vires·

176 2037 245 2114 que
260 2024 416 2107 exerunt,
440 2020 557 2121 quibus
575 2042 694 2090 eorum
710 2015 807 2085 status
824 2025 981 2082 mutetur.
1065 2096 1067 2101 ι

594 2164 1105 2241 DEMONSTRATJO.

278 2325 365 2396 Crun
384 2346 527 2419 corpora
545 2323 578 2387 in
595 2309 758 2411 ejusmodi
777 2311 859 2384 stato
873 2330 1056 2409 ponantur,
1081 2328 1118 2381 ut
1132 2316 1168 2384 in
1185 2307 1449 2415 eoperseverate
1465 2316 1526 2386 ne}

174 2444 318 2525 queant,
339 2423 400 2497 uisi
416 2421 447 2495 se
464 2440 584 2494 mutuo
602 2430 778 2517 penetrent
785 2444 797 2504 ;
826 2418 987 2513 quoniam
1006 2420 1197 2514 penetratio
1214 2416 1310 2489 nullo
1328 2414 1433 2488 modo
1449 2415 1527 2488 fieri

135 2540 137 2545 '
174 2527 304 2627 potest,
328 2518 457 2599 neccffe
480 2524 544 2610 ess,
574 2539 612 2592 ut
636 2524 671 2590 in
698 2542 818 2592 eorum
841 2513 920 2588 statu
944 2520 1085 2587 mutatio
1108 2523 1250 2595 eveniat.
1300 2520 1387 2606 Quia
1414 2538 1528 2588 autem

175 2651 362 2728 corporum
378 2629 474 2699 ssatus
495 2625 562 2696 sinc
579 2621 703 2693 viribus
721 2622 866 2689 externis
891 2623 1013 2687 mutari
1037 2624 1173 2715 nequit,
1204 2638 1236 2691 et
1260 2626 1295 2689 in
1318 2615 1393 2689 casu
1417 2619 1529 2716 posrto

174 2734 321 2800 mutatio
344 2730 442 2799 ssatus
465 2728 538 2793 actu
560 2718 779 2817 producitur,
805 2721 892 2782 vires
914 2714 983 2785 stne
1006 2715 1110 2783 dubio
1129 2712 1237 2785 adeffe
1253 2715 1392 2801 debent,
1415 2718 1532 2815 quibus
1612 2716 1614 2722 ’

130 2810 135 2819 ⁷
175 2831 235 2901 hic
255 2824 391 2897 effet‘tus
409 2825 453 2895 est
470 2816 672 2892 tribuendus.
731 2817 910 2912 Quaeritur
931 2839 1033 2914 ergo,
1063 2809 1152 2887 unde
1178 2817 1240 2887 hae
1257 2823 1345 2888 vires
1360 2822 1533 2889 oriantur?

172 2949 294 3007 ¹utrrun
318 2953 360 2998 ex
382 2921 450 3024 ipio
476 2945 660 3022 corporum
683 2912 1008 3015 impenetrabilitate,
1033 2939 1075 2986 an
1099 2913 1251 2989 aliunde?
1302 2915 1453 3005 sidicat,
1476 2944 1531 2991 ear

155 3018 310 3103 ‘aliunde
329 3033 423 3114 oriri,
454 3030 553 3125 origo
573 3038 685 3113 ruente
700 3014 817 3090 saltem
830 3014 904 3089 tolli
930 3009 1059 3116 poffet,
1088 3012 1175 3091 salua
1197 3018 1527 3118 inrpenctrabilitate‚

174 3129 321 3231 ideoque
346 3126 435 3200 nulla
453 3130 595 3236 rnqtatio
610 3123 707 3195 ssatus
726 3125 957 3290 continperet,
992 3143 1202 3219 corporaque
1224 3118 1367 3221 proinde
1386 3116 1421 3194 se
1449 3149 1525 3193 rnu-

175 3254 236 3307 tuo
259 3247 491 3330 penetrarent,
523 3220 717 3328 quodcum
744 3220 784 3293 srt
805 3223 843 3292 ab
860 3215 1000 3306 urdurn,
1034 3216 1164 3292 neceffe
1186 3220 1251 3317 est,
1282 3223 1354 3293 istas
1378 3229 1467 3294 vires
1485 3224 1546 3313 ab·

173 3330 243 3435 ipsa
258 3330 566 3430 irnpenetrabilitate
582 3320 796 3425 suppeditari.
845 3324 970 3392 Statim·
983 3316 1108 3392 scilicet
1129 3342 1228 3420 atque
1244 3347 1390 3420 corpora
1411 3328 1446 3392 in
1464 3323 1525 3397 ssa.

176 3459 212 3521 tu
236 3432 297 3507 sno
318 3430 531 3532 perseverare
549 3443 738 3528 nequeunt,
764 3427 846 3520 quin
868 3417 901 3494 se
922 3442 1041 3493 mutuo
1063 3441 1260 3520 penetrent,
1286 3418 1354 3523 ipsa
1375 3429 1525 3522 irnpene·

174 3537 335 3612 t'rabilitas
354 3542 440 3605 vires
460 3528 664 3630 suppeditat,
690 3525 808 3627 quibus
824 3548 942 3595 eorurn
963 3523 1062 3594 ssatus
1084 3543 1254 3609 mutetur,
1284 3544 1321 3594 ut
1337 3530 1527 3623 penetratio

175 3645 321 3714 evitetur
328 3668 339 3727 3
402 3654 436 3720 et
450 3630 530 3704 dutn
547 3634 609 3703 hae
628 3635 714 3701 vires
730 3618 888 3697 effertur
901 3619 997 3695 suurn
1013 3644 1173 3721 exerrrnt,
1195 3632 1397 3723 corpora-in
1420 3620 1453 3699 se
1475 3632 1528 3719 inf

176 3747 286 3815 viceor
302 3763 400 3839 agere
417 3722 594 3821 dicuntur,
619 3729 825 3827 altertunque
843 3724 977 3798 alterius
993 3725 1114 3799 statum
1128 3725 1286 3824 mutabit,

676 3878 930 3955 tortora.
990 3903 1016 3952 1.

277 4070 341 4133 132.
367 4047 523 4141 Corpora
539 4039 641 4212 ἱῇἱωτ
658 4037 693 4104 in
710 4026 903 4103 seinvicem
918 4049 1040 4130 agunt,
1067 4022 1204 4129 quando
1227 4033 1270 4101 ita
1295 4023 1527 4129 congrediunss

174 4168 252 4234 tur,
277 4164 316 4216 ut
337 4142 463 4244 fingula
484 4149 521 4213 in
575 4156 631 4208 atu
651 4128 711 4207 suo
734 4126 948 4230 perseverare
971 4149 1157 4231 nequeant,
1180 4137 1261 4233 quin
1274 4127 1309 4203 se
1327 4151 1447 4203 mutuo
1466 4158 1524 4231 pe-

175 4264 331 4333 netrent;
379 4239 467 4327 unde
490 4237 640 4315 distincta
668 4240 766 4307 notio
791 4232 929 4306 odionis
952 4255 1156 4332 corporum,
1180 4258 1265 4337 quae
1289 4226 1376 4337 apud
1391 4233 1524 4335 pleros.

123 4440 125 4445 Ι
175 4375 243 4451 que
263 4346 533 4447 audoreenirnit
549 4335 688 4418 obscura
702 4318 767 4411 eisd
786 4332 888 4428 solet,
910 4335 955 4411 est
968 4328 1160 4413 haurienda.

824 4536 857 4612 G
1034 4528 1037 4532 ’
1348 4527 1530 4611 cortou:
