4092 5134
479 334 1570 505 cruciatione.1u.ooaromuaucrou
1618 418 1691 528 ass

335 598 505 677 difficilius
524 595 683 703 cognosci
702 611 835 701 poterit.
887 608 923 677 st
948 596 1050 679 enim
1064 628 1186 701 corpus
1202 611 1269 699 jam
1282 611 1371 678 circa
1394 606 1498 682 alium
1512 632 1607 681 axem
1626 634 1695 711 gy··
1743 676 1749 685 ,
1797 596 1806 613 “

339 723 431 776 retur
449 730 487 774 ac
505 730 605 785 rruac¹
621 699 801 793 incitatur,
828 732 899 780 non
922 702 1033 783 solum
1056 712 1207 780 celeritas
1229 707 1396 807 angularia
1416 704 1472 782 sed
1498 717 1599 783 etiam
1617 710 1694 813 ipse

340 812 407 877 axis
423 812 609 905 gyrationis
634 807 842 895 mutabitur,
868 814 913 879 ita
939 828 975 880 ut
998 837 1088 883 nunc
1109 815 1198 880 circa
1212 805 1314 888 alium
1336 836 1430 882 axem
1451 838 1513 912 per
1530 834 1687 887 centrum

338 913 478 979 inertiae
495 906 719 980 transeuntem
736 917 847 1010 gyrari
863 914 1005 1009 incipiat.
1077 913 1185 1009 Atque
1200 914 1236 981 in
1259 914 1321 982 hac
1337 919 1404 984 axis
1421 918 1605 987 variatione
1617 942 1687 988 ma·

336 1014 425 1081 aima
448 1028 559 1081 motus
579 1013 787 1110 perturbatio
804 1012 849 1085 cll
872 1010 953 1099 sata,
987 1008 1028 1083 ad
1051 1037 1151 1113 quam
1172 1011 1402 1109 explicandam
1428 1022 1541 1117 primo
1561 1042 1695 1091 conva-
1733 1014 1739 1021 ⁸

336 1117 411 1182 niet
436 1110 632 1205 liujusnrotli
661 1113 946 1211 perturbationem
978 1131 1250 1186 momentaneam
1275 1136 1430 1191 accurate
1456 1114 1687 1219 determinari,

338 1208 433 1313 quod
448 1233 683 1315 argumentum
697 1220 736 1312 ¹in
757 1210 916 1317 sequente
935 1221 1044 1315 capite
1058 1214 1265 1293 evolvamus.
1449 1210 1456 1221 ’
1481 1210 1484 1215 ’

710 1480 1125 1635 CAPUT
1211 1472 1299 1627 X.
1408 1364 1415 1373 ⁸

335 1716 433 1829 DE
480 1722 915 1863 VARlATlONE
962 1708 1496 1873 ΜΟΜΕΝΤΑΝΕᾹ
1530 1722 1689 1881 AXlS

511 1894 868 1983 oruartours
893 1896 935 1982 a
950 1892 1164 1983 vuinus
1189 1892 1515 1982 aaooucrn.

780 2054 1229 2189 arroteritae.

288 2371 291 2381 ¹
361 2290 363 2317 ²
441 2296 516 2383 650.
548 2219 605 2370 Si
626 2316 747 2390 corpur
766 2288 935 2392 rigidum,
958 2284 1042 2358 <latu
1064 2289 1152 2354 circa
1169 2306 1266 2354 axem
1285 2308 1347 2383 per
1370 2304 1530 2361 centrum
1550 2292 1689 2365 inertiae

337 2386 566 2465 transermtem
586 2413 750 2494 gyratur,
772 2394 811 2464 ab
827 2384 993 2486 ejusmodi
1010 2384 1137 2456 viribua
1155 2377 1372 2473 sollicitetur,
1397 2414 1480 2489 quae
1496 2386 1555 2486 ipli
1572 2390 1595 2460 st
1613 2400 1687 2494 qui·

338 2490 487 2583 esceret,
509 2514 641 2566 motum
658 2500 871 2597 gyratoriuau
895 2486 1102 2564 circa'aliuru
1120 2510 1215 2556 axem
1233 2479 1338 2559 client
1355 2484 1597 2586 impressurae,
1629 2495 1687 2567 de.

337 2603 518 2669 terminare
534 2616 643 2668 motus
660 2601 883 2670 mutationem
900 2586 1111 2691 tempusculo
1133 2590 1276 2659 minimo
1291 2586 1505 2687 produslum.

868 2767 1157 2847 sotum.

441 2929 528 2999 Cum
542 2943 608 2999 tam
625 2929 661 2997 in
673 2942 778 2998 motu
796 2930 860 3018 jam
877 2919 1003 3010 mlito,
1033 2945 1135 3021 quam
1152 2923 1190 2991 in
1206 2943 1251 2991 eo
1269 2976 1279 3005 ,
1304 2926 1362 3020 qui
1387 2922 1549 2997 a'vicibos
1571 2928 1687 3023 irnpri·
1717 2926 1788 3027 Fig.
1802 2937 1859 3014 84·

336 3048 510 3113 meretur,
535 3046 687 3100 centrum
704 3031 842 3100 inertiae
857 3022 1023 3126 quiescat,
1048 3018 1083 3093 id
1096 3024 1197 3092 etiam
1212 3024 1419 3114 conjunctim
1431 3031 1466 3097 in
1481 3033 1595 3127 quiete
1608 3052 1684 3127 per⁴

336 3130 512 3207 sererabit.
594 3127 832 3207 Cortsrdetetur
855 3153 938 3226 ergo
961 3143 1116 3200 centrum
1143 3126 1283 3193 inertiae
1303 3126 1318 3193 l
1346 3143 1504 3224 tauquam
1528 3150 1684 3199 centrum

289 3230 291 3239 ’
320 3233 518 3333 sphaerae.
543 3234 578 3299 in
594 3237 685 3322 crrjus
708 3226 882 3326 superficie
904 3227 942 3299 stt
964 3230 995 3298 O
1017 3222 1127 3325 polus,
1142 3242 1175 3295 et
1192 3225 1240 3294 10
1253 3228 1319 3295 axia
1339 3231 1424 3297 circa
1445 3254 1547 3329 quem
1561 3254 1684 3329 corpur

336 3344 401 3432 jam
419 3349 555 3434 gyretnr
573 3330 742 3402 celeritate
760 3330 961 3429 angulari:
978 3350 1023 3407 aa
1055 3322 1158 3427 idque
1182 3330 1215 3396 in
1233 3351 1311 3397 euru
1331 3322 1483 3418 sculum,
1509 3358 1577 3429 quo
1603 3354 1686 3431 putt-

336 3434 430 3511 etum
447 3438 468 3506 S
483 3430 608 3503 seratur
622 3437 657 3503 in
668 3459 695 3503 s.
747 3433 845 3503 Tum
857 3456 940 3503 vero
956 3426 1133 3527 corporali
1150 3426 1314 3523 ejusmodi
1339 3430 1462 3503 viribua
1478 3428 1685 3529 sollicitetur,

336 3558 375 3611 ut
396 3535 422 3609 ti
436 3527 645 3635 quiesceret,
674 3549 851 3632 gyraretur
875 3537 964 3605 circa
985 3528 1105 3629 poluni
1125 3532 1147 3601 S
1170 3524 1228 3602 seu
1253 3556 1349 3601 axem
1370 3534 1433 3621 ts,
1460 3533 1685 3633 tempusculo·

326 3666 401 3743 ¹quc
419 3639 456 3711 dt
471 3653 657 3707 verteretur
674 3659 734 3732 per
751 3631 909 3735 angulum
923 3634 1029 3734 th²‚
1056 3626 1331 3733 quandoquidem
1355 3632 1499 3707 vidimus
1519 3640 1607 3707 huuc
1626 3664 1683 3707 an·

336 3740 453 3843 gultuu
468 3732 629 3838 quadrato
649 3735 847 3834 tempusculi
864 3737 902 3809 dt
922 3728 987 3805 effe
1000 3735 1269 3833 laomogeueum,
1285 3732 1409 3836 fiatque
1430 3739 1490 3809 lrac
1506 3737 1681 3812 conversio

335 3851 464 3933 insum
484 3832 645 3921 serrsmu,
696 3863 742 3907 uo
756 3855 917 3936 punctum
944 3838 976 3905 0
1002 3829 1161 3907 versasti
1183 3830 1348 3911 ferreum
1407 3840 1610 3941 Daturergo
1626 3869 1682 3913 an·

335 3942 459 4026 orrlru,
484 3964 585 4039 quem
611 3940 649 4010 hi
672 3865 743 4009 lluo
766 3964 840 4010 axes
858 3938 905 4013 Ol
929 3954 960 4007 et
977 3938 1016 4007 Sl
1040 3940 1112 4011 in.l
1127 3934 1357 4031 constituunt,
1378 3933 1434 4012 seu
1452 3947 1486 4013 in
1506 3938 1681 4042 superficie

352 4047 504 4145 phaerica
518 4066 612 4117 attacus
635 4036 753 4113 circuli
778 4042 914 4110 ruaximi
931 4040 1014 4125 OS,
1038 4043 1097 4137 qui
1118 4056 1263 4137 ponatur
1284 4040 1339 4111 OS
1362 4067 1453 4120 :st
1479 4070 1516 4113 ac
1540 4065 1683 4143 ternpus·

339 4144 417 4218 culo
434 4144 471 4215 dt
489 4144 543 4212 hic
559 4162 653 4213 arcus
671 4143 739 4224 OS,
756 4141 800 4212 ob
817 4158 950 4213 motum
966 4134 1120 4225 inlitum,
1147 4145 1234 4211 circa
1251 4139 1369 4238 polum
1384 4144 1416 4212 O
1432 4143 1604 4243 gyrabirur
1620 4158 1681 4232 pet·

336 4242 496 4343 angultuu
513 4243 585 4313 sos
598 4276 637 4313 ε
648 4243 708 4318 adt
723 4260 946 4340 perventurae
962 4246 997 4311 in
1011 4236 1108 4311 litum
1125 4241 1197 4328 Os,
1225 4260 1262 4312 ut
1280 4239 1358 4313 elset
1377 4242 1506 4313 arculus
1522 4246 1559 4309 Sr
1573 4226 1681 4321 3:81!

322 4352 382 4446 ſsa
393 4372 419 4417 s.
468 4342 522 4413 Ob
535 4354 664 4417 rnatum
678 4362 790 4416 autern
808 4335 1003 4440 impressum
1019 4337 1108 4413 idem
1122 4366 1217 4413 arcus
1236 4346 1291 4413 OS
1310 4346 1398 4411 circa
1414 4339 1528 4433 polum
1547 4336 1678 4421 sgitt-

334 4454 424 4523 biuu
440 4440 779 4546 perangulumOSa
793 4478 832 4517 =
853 4444 933 4547 th²
952 4434 1182 4545 pertentatur
1196 4448 1232 4513 in
1254 4440 1351 4511 satum
1374 4436 1453 4519 Su,
1473 4445 1510 4500 ut
1524 4418 1684 4595 fils}
1734 4474 1736 4479 .

1624 4548 1634 4591 t
1647 4550 1667 4595 u
