<?xml version="1.0" encoding="UTF-8"?>
<!DOCTYPE html PUBLIC "-//W3C//DTD XHTML 1.0 Transitional//EN"
    "http://www.w3.org/TR/xhtml1/DTD/xhtml1-transitional.dtd">
<html xmlns="http://www.w3.org/1999/xhtml" xml:lang="en" lang="en">
 <head>
  <title>
</title>
<meta http-equiv="Content-Type" content="text/html;charset=utf-8" />
  <meta name='ocr-system' content='tesseract 3.04.00' />
  <meta name='ocr-capabilities' content='ocr_page ocr_carea ocr_par ocr_line ocrx_word'/>
</head>
<body>
  <div class='ocr_page' id='page_1' title='image "./theoriamotvscor00eulegoog/theoriamotvscor00eulegoog_0096.png"; bbox 0 0 4092 5134; ppageno 0'>
   <div class='ocr_carea' id='block_1_1' title="bbox 928 348 1372 725">
    <p class='ocr_par' dir='ltr' id='par_1_1' title="bbox 928 348 1372 725">
     <span class='ocr_line' id='line_1_1' title="bbox 928 348 1372 521; baseline -0.011 -9"><span class='ocrx_word' id='word_1_1' title='bbox 928 348 930 353; x_wconf 15' lang='grc' dir='ltr'>Ι</span> <span class='ocrx_word' id='word_1_2' title='bbox 1021 420 1251 521; x_wconf 84' lang='lat' dir='ltr'>CAPUT</span> <span class='ocrx_word' id='word_1_3' title='bbox 1295 418 1372 521; x_wconf 86' lang='lat' dir='ltr'>lli,</span> 
     </span>
     <span class='ocr_line' id='line_1_2' title="bbox 1037 621 1366 725; baseline 0.015 -31"><span class='ocrx_word' id='word_1_4' title='bbox 1037 621 1294 725; x_wconf 79' lang='lat' dir='ltr'><strong><em>COROLL.</em></strong></span> <span class='ocrx_word' id='word_1_5' title='bbox 1334 644 1366 699; x_wconf 79' lang='lat' dir='ltr'>a.</span> 
     </span>
    </p>
   </div>
   <div class='ocr_carea' id='block_1_2' title="bbox 518 762 1878 1080">
    <p class='ocr_par' dir='ltr' id='par_1_2' title="bbox 518 762 1878 1080">
     <span class='ocr_line' id='line_1_3' title="bbox 625 762 1876 873; baseline -0.006 -26"><span class='ocrx_word' id='word_1_6' title='bbox 625 799 688 870; x_wconf 80' lang='lat'>¹55·</span> <span class='ocrx_word' id='word_1_7' title='bbox 714 775 766 844; x_wconf 82' lang='lat' dir='ltr'>Ex</span> <span class='ocrx_word' id='word_1_8' title='bbox 781 774 900 843; x_wconf 89' lang='lat' dir='ltr'>inertia</span> <span class='ocrx_word' id='word_1_9' title='bbox 920 774 1023 869; x_wconf 83' lang='lat' dir='ltr'>igitur</span> <span class='ocrx_word' id='word_1_10' title='bbox 1044 779 1205 873; x_wconf 77' lang='lat' dir='ltr'>quantitas</span> <span class='ocrx_word' id='word_1_11' title='bbox 1227 778 1385 845; x_wconf 91' lang='lat' dir='ltr'>materiae</span> <span class='ocrx_word' id='word_1_12' title='bbox 1411 766 1593 864; x_wconf 82' lang='lat' dir='ltr'>judicatur,</span> <span class='ocrx_word' id='word_1_13' title='bbox 1620 783 1717 868; x_wconf 88' lang='lat' dir='ltr'>atque</span> <span class='ocrx_word' id='word_1_14' title='bbox 1741 762 1776 838; x_wconf 89' lang='lat' dir='ltr'>id</span> <span class='ocrx_word' id='word_1_15' title='bbox 1792 764 1876 839; x_wconf 74' lang='lat' dir='ltr'>&#39;cor-</span> 
     </span>
     <span class='ocr_line' id='line_1_4' title="bbox 518 866 1878 982; baseline -0.008 -29"><span class='ocrx_word' id='word_1_16' title='bbox 518 906 586 982; x_wconf 79' lang='lat' dir='ltr'>pus</span> <span class='ocrx_word' id='word_1_17' title='bbox 602 877 673 977; x_wconf 88' lang='lat' dir='ltr'>plus</span> <span class='ocrx_word' id='word_1_18' title='bbox 689 880 845 945; x_wconf 86' lang='lat' dir='ltr'>materiae</span> <span class='ocrx_word' id='word_1_19' title='bbox 861 880 1034 959; x_wconf 82' lang='lat' dir='ltr'>continere</span> <span class='ocrx_word' id='word_1_20' title='bbox 1051 875 1272 970; x_wconf 79' lang='lat' dir='ltr'>existimatur,</span> <span class='ocrx_word' id='word_1_21' title='bbox 1299 900 1371 947; x_wconf 89' lang='lat' dir='ltr'>non</span> <span class='ocrx_word' id='word_1_22' title='bbox 1393 866 1485 972; x_wconf 86' lang='lat' dir='ltr'>quod</span> <span class='ocrx_word' id='word_1_23' title='bbox 1509 876 1613 961; x_wconf 84' lang='lat' dir='ltr'>majus</span> <span class='ocrx_word' id='word_1_24' title='bbox 1635 866 1795 942; x_wconf 89' lang='lat' dir='ltr'>volumen</span> <span class='ocrx_word' id='word_1_25' title='bbox 1817 894 1878 961; x_wconf 57' lang='grc' dir='ltr'>οῦς</span> 
     </span>
     <span class='ocr_line' id='line_1_5' title="bbox 525 971 1740 1080; baseline -0.012 -25"><span class='ocrx_word' id='word_1_26' title='bbox 525 996 636 1080; x_wconf 76' lang='lat' dir='ltr'>carpat,</span> <span class='ocrx_word' id='word_1_27' title='bbox 658 973 715 1052; x_wconf 89' lang='lat' dir='ltr'>sed</span> <span class='ocrx_word' id='word_1_28' title='bbox 734 972 774 1048; x_wconf 89' lang='lat' dir='ltr'>ad</span> <span class='ocrx_word' id='word_1_29' title='bbox 789 971 884 1077; x_wconf 87' lang='lat' dir='ltr'>quod</span> <span class='ocrx_word' id='word_1_30' title='bbox 898 972 976 1049; x_wconf 83' lang='lat' dir='ltr'>dato</span> <span class='ocrx_word' id='word_1_31' title='bbox 995 974 1105 1047; x_wconf 91' lang='lat' dir='ltr'>modo</span> <span class='ocrx_word' id='word_1_32' title='bbox 1128 974 1339 1050; x_wconf 87' lang='lat' dir='ltr'>movendum</span> <span class='ocrx_word' id='word_1_33' title='bbox 1354 981 1464 1070; x_wconf 86' lang='lat' dir='ltr'>major</span> <span class='ocrx_word' id='word_1_34' title='bbox 1484 977 1531 1043; x_wconf 87' lang='lat' dir='ltr'>vis</span> <span class='ocrx_word' id='word_1_35' title='bbox 1551 974 1740 1072; x_wconf 82' lang='lat' dir='ltr'>requiritur.</span> 
     </span>
    </p>
   </div>
   <div class='ocr_carea' id='block_1_3' title="bbox 1040 1151 1364 1249">
    <p class='ocr_par' dir='ltr' id='par_1_3' title="bbox 1040 1151 1364 1249">
     <span class='ocr_line' id='line_1_6' title="bbox 1040 1151 1364 1249; baseline 0.003 -24"><span class='ocrx_word' id='word_1_36' title='bbox 1040 1155 1292 1231; x_wconf 74' lang='lat' dir='ltr'>conosi.</span> <span class='ocrx_word' id='word_1_37' title='bbox 1328 1151 1364 1249; x_wconf 74' lang='lat'>[3.</span> 
     </span>
    </p>
   </div>
   <div class='ocr_carea' id='block_1_4' title="bbox 526 1296 1929 1711">
    <p class='ocr_par' dir='ltr' id='par_1_4' title="bbox 526 1296 1929 1711">
     <span class='ocr_line' id='line_1_7' title="bbox 633 1296 1929 1405; baseline -0.005 -26"><span class='ocrx_word' id='word_1_38' title='bbox 633 1309 701 1397; x_wconf 78' lang='lat'>156.</span> <span class='ocrx_word' id='word_1_39' title='bbox 728 1300 930 1377; x_wconf 85' lang='lat' dir='ltr'>Praecedens</span> <span class='ocrx_word' id='word_1_40' title='bbox 951 1330 1034 1405; x_wconf 81' lang='lat' dir='ltr'>ergo</span> <span class='ocrx_word' id='word_1_41' title='bbox 1052 1305 1254 1376; x_wconf 86' lang='lat' dir='ltr'>Tlteorema</span> <span class='ocrx_word' id='word_1_42' title='bbox 1270 1307 1337 1375; x_wconf 89' lang='lat' dir='ltr'>hue</span> <span class='ocrx_word' id='word_1_43' title='bbox 1351 1301 1450 1390; x_wconf 87' lang='lat' dir='ltr'>redit,</span> <span class='ocrx_word' id='word_1_44' title='bbox 1475 1301 1555 1389; x_wconf 88' lang='lat' dir='ltr'>ut,si</span> <span class='ocrx_word' id='word_1_45' title='bbox 1572 1298 1642 1372; x_wconf 90' lang='lat' dir='ltr'>duo</span> <span class='ocrx_word' id='word_1_46' title='bbox 1657 1296 1784 1370; x_wconf 90' lang='lat' dir='ltr'>suerint</span> <span class='ocrx_word' id='word_1_47' title='bbox 1799 1308 1883 1372; x_wconf 64' lang='lat' dir='ltr'>cori</span> <span class='ocrx_word' id='word_1_48' title='bbox 1923 1336 1929 1349; x_wconf 91' lang='lat'>·</span> 
     </span>
     <span class='ocr_line' id='line_1_8' title="bbox 526 1400 1877 1505; baseline -0.001 -32"><span class='ocrx_word' id='word_1_49' title='bbox 526 1402 663 1504; x_wconf 76' lang='lat' dir='ltr'>pussula</span> <span class='ocrx_word' id='word_1_50' title='bbox 686 1404 908 1505; x_wconf 82' lang='lat' dir='ltr'>quiescentia,</span> <span class='ocrx_word' id='word_1_51' title='bbox 939 1431 1086 1505; x_wconf 83' lang='lat' dir='ltr'>quorum</span> <span class='ocrx_word' id='word_1_52' title='bbox 1107 1400 1225 1478; x_wconf 82' lang='lat' dir='ltr'>inslsae</span> <span class='ocrx_word' id='word_1_53' title='bbox 1247 1405 1311 1476; x_wconf 88' lang='lat' dir='ltr'>lint</span> <span class='ocrx_word' id='word_1_54' title='bbox 1333 1410 1362 1475; x_wconf 82' lang='grc' dir='ltr'>Α</span> <span class='ocrx_word' id='word_1_55' title='bbox 1389 1423 1422 1475; x_wconf 87' lang='lat' dir='ltr'>et</span> <span class='ocrx_word' id='word_1_56' title='bbox 1443 1407 1486 1491; x_wconf 88' lang='lat' dir='ltr'>B,</span> <span class='ocrx_word' id='word_1_57' title='bbox 1517 1401 1664 1503; x_wconf 84' lang='lat' dir='ltr'>quaeab</span> <span class='ocrx_word' id='word_1_58' title='bbox 1686 1402 1877 1500; x_wconf 72' lang='lat' dir='ltr'>aequalibus</span> 
     </span>
     <span class='ocr_line' id='line_1_9' title="bbox 531 1502 1895 1609; baseline 0 -34"><span class='ocrx_word' id='word_1_59' title='bbox 531 1506 657 1577; x_wconf 85' lang='lat' dir='ltr'>viribus</span> <span class='ocrx_word' id='word_1_60' title='bbox 675 1504 916 1590; x_wconf 86' lang='lat' dir='ltr'>sollicitentur,</span> <span class='ocrx_word' id='word_1_61' title='bbox 948 1503 1113 1607; x_wconf 81' lang='lat' dir='ltr'>spatiola,</span> <span class='ocrx_word' id='word_1_62' title='bbox 1145 1533 1206 1605; x_wconf 88' lang='lat' dir='ltr'>per</span> <span class='ocrx_word' id='word_1_63' title='bbox 1221 1535 1307 1609; x_wconf 86' lang='lat' dir='ltr'>quae</span> <span class='ocrx_word' id='word_1_64' title='bbox 1324 1533 1362 1578; x_wconf 83' lang='lat' dir='ltr'>ea</span> <span class='ocrx_word' id='word_1_65' title='bbox 1378 1504 1500 1579; x_wconf 89' lang='lat' dir='ltr'>eodem</span> <span class='ocrx_word' id='word_1_66' title='bbox 1516 1502 1726 1605; x_wconf 79' lang='lat' dir='ltr'>tempuscula</span> <span class='ocrx_word' id='word_1_67' title='bbox 1738 1521 1895 1605; x_wconf 38' lang='lat' dir='ltr'>protruq,</span> 
     </span>
     <span class='ocr_line' id='line_1_10' title="bbox 528 1598 1796 1711; baseline 0.002 -34"><span class='ocrx_word' id='word_1_68' title='bbox 528 1602 668 1694; x_wconf 89' lang='lat' dir='ltr'>dautur,</span> <span class='ocrx_word' id='word_1_69' title='bbox 699 1606 950 1711; x_wconf 86' lang='lat' dir='ltr'>smtreciproce</span> <span class='ocrx_word' id='word_1_70' title='bbox 975 1632 1009 1680; x_wconf 89' lang='lat' dir='ltr'>ut</span> <span class='ocrx_word' id='word_1_71' title='bbox 1031 1601 1160 1683; x_wconf 79' lang='lat' dir='ltr'>mulsae.</span> <span class='ocrx_word' id='word_1_72' title='bbox 1788 1598 1796 1617; x_wconf 60' lang='grc'><strong>“</strong></span> 
     </span>
    </p>
   </div>
   <div class='ocr_carea' id='block_1_5' title="bbox 1045 1789 1370 1860">
    <p class='ocr_par' dir='ltr' id='par_1_5' title="bbox 1045 1789 1370 1860">
     <span class='ocr_line' id='line_1_11' title="bbox 1045 1789 1370 1860; baseline 0.006 -2"><span class='ocrx_word' id='word_1_73' title='bbox 1045 1789 1370 1860; x_wconf 84' lang='lat' dir='ltr'><em>SCHOLION.</em></span> 
     </span>
    </p>
   </div>
   <div class='ocr_carea' id='block_1_6' title="bbox 532 1931 1921 2613">
    <p class='ocr_par' dir='ltr' id='par_1_6' title="bbox 532 1931 1921 2613">
     <span class='ocr_line' id='line_1_12' title="bbox 631 1931 1878 2035; baseline 0.003 -28"><span class='ocrx_word' id='word_1_74' title='bbox 631 1958 703 2029; x_wconf 75' lang='lat'>157.</span> <span class='ocrx_word' id='word_1_75' title='bbox 729 1933 962 2009; x_wconf 80' lang='lat' dir='ltr'>Consideratio</span> <span class='ocrx_word' id='word_1_76' title='bbox 987 1959 1070 2034; x_wconf 86' lang='lat' dir='ltr'>ergo</span> <span class='ocrx_word' id='word_1_77' title='bbox 1094 1954 1207 2005; x_wconf 81' lang='lat' dir='ltr'>motus</span> <span class='ocrx_word' id='word_1_78' title='bbox 1231 1962 1292 2008; x_wconf 90' lang='lat' dir='ltr'>nos</span> <span class='ocrx_word' id='word_1_79' title='bbox 1314 1931 1354 2006; x_wconf 90' lang='lat' dir='ltr'>ad</span> <span class='ocrx_word' id='word_1_80' title='bbox 1376 1939 1605 2034; x_wconf 84' lang='lat' dir='ltr'>cognitionem</span> <span class='ocrx_word' id='word_1_81' title='bbox 1622 1933 1778 2035; x_wconf 72' lang='lat' dir='ltr'>plurium</span> <span class='ocrx_word' id='word_1_82' title='bbox 1799 1937 1878 2011; x_wconf 88' lang='lat' dir='ltr'>inli-</span> 
     </span>
     <span class='ocr_line' id='line_1_13' title="bbox 532 2036 1880 2140; baseline 0.002 -32"><span class='ocrx_word' id='word_1_83' title='bbox 532 2044 918 2140; x_wconf 78' lang='lat' dir='ltr'>gniumproprietatum</span> <span class='ocrx_word' id='word_1_84' title='bbox 940 2061 1127 2135; x_wconf 91' lang='lat' dir='ltr'>corporum</span> <span class='ocrx_word' id='word_1_85' title='bbox 1149 2036 1363 2125; x_wconf 83' lang='lat' dir='ltr'>manuduxit,</span> <span class='ocrx_word' id='word_1_86' title='bbox 1390 2062 1530 2137; x_wconf 91' lang='lat' dir='ltr'>quarum</span> <span class='ocrx_word' id='word_1_87' title='bbox 1553 2045 1660 2138; x_wconf 88' lang='lat' dir='ltr'>prima</span> <span class='ocrx_word' id='word_1_88' title='bbox 1687 2036 1732 2109; x_wconf 87' lang='lat' dir='ltr'>est</span> <span class='ocrx_word' id='word_1_89' title='bbox 1755 2063 1880 2112; x_wconf 86' lang='lat' dir='ltr'>eorum</span> 
     </span>
     <span class='ocr_line' id='line_1_14' title="bbox 534 2134 1879 2240; baseline 0.001 -28"><span class='ocrx_word' id='word_1_90' title='bbox 534 2146 671 2227; x_wconf 77' lang='lat' dir='ltr'>mertia,</span> <span class='ocrx_word' id='word_1_91' title='bbox 701 2165 765 2237; x_wconf 89' lang='lat' dir='ltr'>qua</span> <span class='ocrx_word' id='word_1_92' title='bbox 780 2144 814 2210; x_wconf 93' lang='lat' dir='ltr'>in</span> <span class='ocrx_word' id='word_1_93' title='bbox 829 2137 950 2212; x_wconf 89' lang='lat' dir='ltr'>eodem</span> <span class='ocrx_word' id='word_1_94' title='bbox 965 2139 1047 2211; x_wconf 87' lang='lat' dir='ltr'>ilntu</span> <span class='ocrx_word' id='word_1_95' title='bbox 1064 2134 1216 2209; x_wconf 91' lang='lat' dir='ltr'>absoluto</span> <span class='ocrx_word' id='word_1_96' title='bbox 1240 2137 1307 2210; x_wconf 86' lang='lat' dir='ltr'>five</span> <span class='ocrx_word' id='word_1_97' title='bbox 1327 2144 1447 2240; x_wconf 90' lang='lat' dir='ltr'>quietis</span> <span class='ocrx_word' id='word_1_98' title='bbox 1469 2137 1539 2211; x_wconf 84' lang='lat' dir='ltr'>five</span> <span class='ocrx_word' id='word_1_99' title='bbox 1561 2157 1672 2211; x_wconf 91' lang='lat' dir='ltr'>motus</span> <span class='ocrx_word' id='word_1_100' title='bbox 1697 2136 1879 2213; x_wconf 82' lang='lat' dir='ltr'>uniformis</span> 
     </span>
     <span class='ocr_line' id='line_1_15' title="bbox 533 2236 1881 2340; baseline 0.001 -27"><span class='ocrx_word' id='word_1_101' title='bbox 533 2240 700 2325; x_wconf 73' lang='lat' dir='ltr'>rediilinei</span> <span class='ocrx_word' id='word_1_102' title='bbox 715 2238 931 2338; x_wconf 87' lang='lat' dir='ltr'>perseverare</span> <span class='ocrx_word' id='word_1_103' title='bbox 950 2258 1125 2312; x_wconf 89' lang='lat' dir='ltr'>conantur.</span> <span class='ocrx_word' id='word_1_104' title='bbox 1176 2243 1226 2310; x_wconf 84' lang='lat' dir='ltr'>Ac</span> <span class='ocrx_word' id='word_1_105' title='bbox 1241 2246 1355 2340; x_wconf 94' lang='lat' dir='ltr'>primo</span> <span class='ocrx_word' id='word_1_106' title='bbox 1369 2236 1507 2339; x_wconf 88' lang='lat' dir='ltr'>quidem</span> <span class='ocrx_word' id='word_1_107' title='bbox 1520 2245 1676 2311; x_wconf 87' lang='lat' dir='ltr'>inertiam</span> <span class='ocrx_word' id='word_1_108' title='bbox 1700 2258 1826 2314; x_wconf 89' lang='lat' dir='ltr'>tantum</span> <span class='ocrx_word' id='word_1_109' title='bbox 1842 2248 1881 2315; x_wconf 84' lang='lat' dir='ltr'>itt</span> 
     </span>
     <span class='ocr_line' id='line_1_16' title="bbox 534 2334 1921 2444; baseline 0 -28"><span class='ocrx_word' id='word_1_110' title='bbox 534 2368 660 2444; x_wconf 86' lang='lat' dir='ltr'>genere</span> <span class='ocrx_word' id='word_1_111' title='bbox 678 2349 921 2442; x_wconf 82' lang='lat' dir='ltr'>eognovimus,</span> <span class='ocrx_word' id='word_1_112' title='bbox 958 2369 1047 2415; x_wconf 90' lang='lat' dir='ltr'>nunc</span> <span class='ocrx_word' id='word_1_113' title='bbox 1067 2360 1180 2413; x_wconf 83' lang='lat' dir='ltr'>atttem</span> <span class='ocrx_word' id='word_1_114' title='bbox 1204 2340 1389 2429; x_wconf 87' lang='lat' dir='ltr'>luculenter</span> <span class='ocrx_word' id='word_1_115' title='bbox 1418 2367 1492 2413; x_wconf 88' lang='lat' dir='ltr'>eam</span> <span class='ocrx_word' id='word_1_116' title='bbox 1516 2334 1581 2414; x_wconf 81' lang='lat' dir='ltr'>etse</span> <span class='ocrx_word' id='word_1_117' title='bbox 1606 2348 1821 2442; x_wconf 84' lang='lat' dir='ltr'>quantitatem</span> <span class='ocrx_word' id='word_1_118' title='bbox 1844 2362 1882 2418; x_wconf 92' lang='lat' dir='ltr'>et</span> <span class='ocrx_word' id='word_1_119' title='bbox 1918 2356 1921 2361; x_wconf 81' lang='grc'><strong>“</strong></span> 
     </span>
     <span class='ocr_line' id='line_1_17' title="bbox 535 2439 1880 2613; baseline 0.001 -97"><span class='ocrx_word' id='word_1_120' title='bbox 535 2439 709 2517; x_wconf 89' lang='lat' dir='ltr'>mensurae</span> <span class='ocrx_word' id='word_1_121' title='bbox 724 2470 877 2542; x_wconf 85' lang='lat' dir='ltr'>capacem</span> <span class='ocrx_word' id='word_1_122' title='bbox 895 2443 1125 2544; x_wconf 82' lang='lat' dir='ltr'>intelligimus,</span> <span class='ocrx_word' id='word_1_123' title='bbox 1143 2469 1212 2613; x_wconf 63' lang='lat' dir='ltr'>qua</span> <span class='ocrx_word' id='word_1_124' title='bbox 1227 2440 1316 2513; x_wconf 87' lang='lat' dir='ltr'>idem</span> <span class='ocrx_word' id='word_1_125' title='bbox 1331 2441 1427 2542; x_wconf 86' lang='lat' dir='ltr'>plane</span> <span class='ocrx_word' id='word_1_126' title='bbox 1444 2441 1661 2542; x_wconf 84' lang='lat' dir='ltr'>significetur,</span> <span class='ocrx_word' id='word_1_127' title='bbox 1690 2445 1782 2543; x_wconf 91' lang='lat' dir='ltr'>quod</span> <span class='ocrx_word' id='word_1_128' title='bbox 1805 2445 1880 2518; x_wconf 89' lang='lat' dir='ltr'>vul·</span> 
     </span>
    </p>
   </div>
   <div class='ocr_carea' id='block_1_7' title="bbox 428 2541 1926 4268">
    <p class='ocr_par' dir='ltr' id='par_1_7' title="bbox 428 2541 1926 4268">
     <span class='ocr_line' id='line_1_18' title="bbox 536 2541 1880 2646; baseline 0.001 -28"><span class='ocrx_word' id='word_1_129' title='bbox 536 2572 583 2634; x_wconf 67' lang='lat' dir='ltr'>go</span> <span class='ocrx_word' id='word_1_130' title='bbox 605 2549 704 2616; x_wconf 90' lang='lat' dir='ltr'>nimis</span> <span class='ocrx_word' id='word_1_131' title='bbox 726 2572 811 2646; x_wconf 87' lang='lat' dir='ltr'>vage</span> <span class='ocrx_word' id='word_1_132' title='bbox 836 2552 974 2617; x_wconf 87' lang='lat' dir='ltr'>nomine</span> <span class='ocrx_word' id='word_1_133' title='bbox 996 2541 1117 2617; x_wconf 80' lang='lat' dir='ltr'>ruaslae</span> <span class='ocrx_word' id='word_1_134' title='bbox 1157 2570 1197 2614; x_wconf 91' lang='lat' dir='ltr'>eu</span> <span class='ocrx_word' id='word_1_135' title='bbox 1222 2546 1411 2643; x_wconf 84' lang='lat' dir='ltr'>quantitatis</span> <span class='ocrx_word' id='word_1_136' title='bbox 1434 2550 1592 2617; x_wconf 86' lang='lat' dir='ltr'>materiae</span> <span class='ocrx_word' id='word_1_137' title='bbox 1614 2571 1653 2616; x_wconf 89' lang='lat' dir='ltr'>ex</span> <span class='ocrx_word' id='word_1_138' title='bbox 1679 2552 1756 2616; x_wconf 93' lang='lat' dir='ltr'>rimi</span> <span class='ocrx_word' id='word_1_139' title='bbox 1781 2543 1880 2638; x_wconf 83' lang='lat' dir='ltr'>sblet‚</span> 
     </span>
     <span class='ocr_line' id='line_1_19' title="bbox 537 2573 1909 2750; baseline 0.002 -31"><span class='ocrx_word' id='word_1_140' title='bbox 537 2635 629 2741; x_wconf 65' lang='lat' dir='ltr'>sajus</span> <span class='ocrx_word' id='word_1_141' title='bbox 651 2643 736 2718; x_wconf 90' lang='lat' dir='ltr'>adeo</span> <span class='ocrx_word' id='word_1_142' title='bbox 759 2674 847 2719; x_wconf 90' lang='lat' dir='ltr'>nunc</span> <span class='ocrx_word' id='word_1_143' title='bbox 871 2644 1008 2750; x_wconf 84' lang='lat' dir='ltr'>quidcn&#39;t</span> <span class='ocrx_word' id='word_1_144' title='bbox 1034 2646 1220 2727; x_wconf 81' lang='lat' dir='ltr'>dillinctant</span> <span class='ocrx_word' id='word_1_145' title='bbox 1248 2650 1423 2716; x_wconf 88' lang='lat' dir='ltr'>notionem</span> <span class='ocrx_word' id='word_1_146' title='bbox 1447 2640 1580 2718; x_wconf 80' lang='lat' dir='ltr'>assecuti</span> <span class='ocrx_word' id='word_1_147' title='bbox 1606 2573 1769 2718; x_wconf 73' lang='lat' dir='ltr'>vitsbmur.</span> <span class='ocrx_word' id='word_1_148' title='bbox 1839 2653 1909 2731; x_wconf 68' lang='lat' dir='ltr'>ln,</span> 
     </span>
     <span class='ocr_line' id='line_1_20' title="bbox 537 2744 1926 2851; baseline 0.001 -30"><span class='ocrx_word' id='word_1_149' title='bbox 537 2747 734 2845; x_wconf 82' lang='lat' dir='ltr'>corporibus</span> <span class='ocrx_word' id='word_1_150' title='bbox 751 2755 851 2850; x_wconf 83' lang='lat' dir='ltr'>igitur</span> <span class='ocrx_word' id='word_1_151' title='bbox 864 2770 995 2847; x_wconf 86' lang='lat' dir='ltr'>praeter</span> <span class='ocrx_word' id='word_1_152' title='bbox 1012 2744 1239 2821; x_wconf 87' lang='lat' dir='ltr'>extenfionem</span> <span class='ocrx_word' id='word_1_153' title='bbox 1264 2744 1387 2849; x_wconf 88' lang='lat' dir='ltr'>aliquid</span> <span class='ocrx_word' id='word_1_154' title='bbox 1412 2747 1512 2837; x_wconf 85' lang='lat' dir='ltr'>inest,</span> <span class='ocrx_word' id='word_1_155' title='bbox 1541 2747 1634 2849; x_wconf 90' lang='lat' dir='ltr'>quod</span> <span class='ocrx_word' id='word_1_156' title='bbox 1655 2774 1774 2820; x_wconf 87' lang='lat' dir='ltr'>eorum</span> <span class='ocrx_word' id='word_1_157' title='bbox 1791 2749 1884 2851; x_wconf 76' lang='lat' dir='ltr'>quali</span> <span class='ocrx_word' id='word_1_158' title='bbox 1923 2794 1926 2799; x_wconf 95' lang='lat'>·</span> 
     </span>
     <span class='ocr_line' id='line_1_21' title="bbox 536 2844 1884 2952; baseline -0.001 -27"><span class='ocrx_word' id='word_1_159' title='bbox 536 2849 723 2925; x_wconf 83' lang='lat' dir='ltr'>realitatem</span> <span class='ocrx_word' id='word_1_160' title='bbox 741 2852 933 2943; x_wconf 75' lang='lat' dir='ltr'>conllituit,</span> <span class='ocrx_word' id='word_1_161' title='bbox 955 2876 1073 2923; x_wconf 89' lang='lat' dir='ltr'>eorum</span> <span class='ocrx_word' id='word_1_162' title='bbox 1090 2844 1223 2919; x_wconf 89' lang='lat' dir='ltr'>scilicet·</span> <span class='ocrx_word' id='word_1_163' title='bbox 1236 2855 1356 2921; x_wconf 88' lang='lat' dir='ltr'>inertia</span> <span class='ocrx_word' id='word_1_164' title='bbox 1378 2847 1433 2920; x_wconf 89' lang='lat' dir='ltr'>seu</span> <span class='ocrx_word' id='word_1_165' title='bbox 1456 2848 1610 2937; x_wconf 87' lang='lat' dir='ltr'>r&#39;nateria,</span> <span class='ocrx_word' id='word_1_166' title='bbox 1632 2877 1716 2952; x_wconf 85' lang='lat' dir='ltr'>quae</span> <span class='ocrx_word' id='word_1_167' title='bbox 1736 2847 1884 2923; x_wconf 81' lang='lat' dir='ltr'>necessa·</span> 
     </span>
     <span class='ocr_line' id='line_1_22' title="bbox 428 2947 1922 3052; baseline 0 -25"><span class='ocrx_word' id='word_1_168' title='bbox 428 2956 430 2961; x_wconf 71' lang='grc'><strong>’</strong></span> <span class='ocrx_word' id='word_1_169' title='bbox 538 2957 594 3028; x_wconf 89' lang='lat' dir='ltr'>rio</span> <span class='ocrx_word' id='word_1_170' title='bbox 616 2978 694 3022; x_wconf 91' lang='lat' dir='ltr'>cum</span> <span class='ocrx_word' id='word_1_171' title='bbox 717 2947 880 3024; x_wconf 90' lang='lat' dir='ltr'>soliditate</span> <span class='ocrx_word' id='word_1_172' title='bbox 905 2950 960 3023; x_wconf 87' lang='lat' dir='ltr'>seu</span> <span class='ocrx_word' id='word_1_173' title='bbox 982 2948 1293 3048; x_wconf 88' lang='lat' dir='ltr'>impenetrabilitate</span> <span class='ocrx_word' id='word_1_174' title='bbox 1316 2950 1493 3045; x_wconf 73' lang='lat' dir='ltr'>conjundia</span> <span class='ocrx_word' id='word_1_175' title='bbox 1514 2949 1664 3038; x_wconf 87' lang='lat' dir='ltr'>videtur,</span> <span class='ocrx_word' id='word_1_176' title='bbox 1693 2949 1773 3052; x_wconf 89' lang='lat' dir='ltr'>quid</span> <span class='ocrx_word' id='word_1_177' title='bbox 1791 2961 1883 3027; x_wconf 89' lang='lat' dir='ltr'>enim</span> <span class='ocrx_word' id='word_1_178' title='bbox 1916 3000 1922 3007; x_wconf 94' lang='lat'>·</span> 
     </span>
     <span class='ocr_line' id='line_1_23' title="bbox 537 3044 1883 3155; baseline 0.003 -32"><span class='ocrx_word' id='word_1_179' title='bbox 537 3071 668 3155; x_wconf 87' lang='lat' dir='ltr'>praeter</span> <span class='ocrx_word' id='word_1_180' title='bbox 684 3062 854 3126; x_wconf 89' lang='lat' dir='ltr'>materiam</span> <span class='ocrx_word' id='word_1_181' title='bbox 867 3044 1191 3149; x_wconf 82' lang='lat' dir='ltr'>impenetrabileelse</span> <span class='ocrx_word' id='word_1_182' title='bbox 1209 3048 1419 3148; x_wconf 80' lang='lat' dir='ltr'>poffit‚rutllo</span> <span class='ocrx_word' id='word_1_183' title='bbox 1436 3048 1542 3122; x_wconf 91' lang='lat' dir='ltr'>modo</span> <span class='ocrx_word' id='word_1_184' title='bbox 1556 3051 1762 3151; x_wconf 81' lang='lat' dir='ltr'>intelligitur.</span> <span class='ocrx_word' id='word_1_185' title='bbox 1811 3057 1883 3128; x_wconf 89' lang='lat' dir='ltr'>Ne-</span> 
     </span>
     <span class='ocr_line' id='line_1_24' title="bbox 565 3151 1925 3250; baseline 0.005 -26"><span class='ocrx_word' id='word_1_186' title='bbox 565 3181 605 3225; x_wconf 91' lang='lat' dir='ltr'>ue</span> <span class='ocrx_word' id='word_1_187' title='bbox 629 3160 729 3226; x_wconf 91' lang='lat' dir='ltr'>etiam</span> <span class='ocrx_word' id='word_1_188' title='bbox 755 3158 931 3227; x_wconf 83' lang='lat' dir='ltr'>nutteriam</span> <span class='ocrx_word' id='word_1_189' title='bbox 954 3153 1020 3225; x_wconf 88' lang='lat' dir='ltr'>stne</span> <span class='ocrx_word' id='word_1_190' title='bbox 1038 3151 1229 3224; x_wconf 78' lang='lat' dir='ltr'>extenssone</span> <span class='ocrx_word' id='word_1_191' title='bbox 1245 3157 1423 3250; x_wconf 83' lang='lat' dir='ltr'>concipere</span> <span class='ocrx_word' id='word_1_192' title='bbox 1440 3151 1537 3240; x_wconf 91' lang='lat' dir='ltr'>lieet,</span> <span class='ocrx_word' id='word_1_193' title='bbox 1564 3159 1825 3228; x_wconf 83' lang='lat' dir='ltr'>interimtamen</span> <span class='ocrx_word' id='word_1_194' title='bbox 1848 3165 1885 3231; x_wconf 77' lang='grc' dir='ltr'>ιιι</span> <span class='ocrx_word' id='word_1_195' title='bbox 1922 3234 1925 3239; x_wconf 79' lang='grc'>,</span> 
     </span>
     <span class='ocr_line' id='line_1_25' title="bbox 539 3182 1888 3356; baseline 0.004 -29"><span class='ocrx_word' id='word_1_196' title='bbox 539 3182 643 3327; x_wconf 82' lang='lat' dir='ltr'>dubio</span> <span class='ocrx_word' id='word_1_197' title='bbox 665 3256 882 3356; x_wconf 91' lang='lat' dir='ltr'>relinquitur,</span> <span class='ocrx_word' id='word_1_198' title='bbox 909 3281 950 3327; x_wconf 84' lang='lat' dir='ltr'>au</span> <span class='ocrx_word' id='word_1_199' title='bbox 973 3281 1010 3326; x_wconf 91' lang='lat' dir='ltr'>ea</span> <span class='ocrx_word' id='word_1_200' title='bbox 1036 3260 1080 3324; x_wconf 91' lang='lat' dir='ltr'>ita</span> <span class='ocrx_word' id='word_1_201' title='bbox 1102 3247 1285 3325; x_wconf 86' lang='lat' dir='ltr'>necessario</span> <span class='ocrx_word' id='word_1_202' title='bbox 1311 3281 1387 3325; x_wconf 90' lang='lat' dir='ltr'>cum</span> <span class='ocrx_word' id='word_1_203' title='bbox 1405 3252 1577 3325; x_wconf 91' lang='lat' dir='ltr'>volumine</span> <span class='ocrx_word' id='word_1_204' title='bbox 1602 3254 1637 3325; x_wconf 89' lang='lat' dir='ltr'>stt</span> <span class='ocrx_word' id='word_1_205' title='bbox 1653 3282 1821 3346; x_wconf 88' lang='lat' dir='ltr'>connexa,</span> <span class='ocrx_word' id='word_1_206' title='bbox 1835 3249 1888 3333; x_wconf 69' lang='lat' dir='ltr'>‘ui</span> 
     </span>
     <span class='ocr_line' id='line_1_26' title="bbox 465 3349 1887 3457; baseline 0.004 -28"><span class='ocrx_word' id='word_1_207' title='bbox 465 3442 467 3447; x_wconf 23' lang='grc' dir='ltr'>Ι</span> <span class='ocrx_word' id='word_1_208' title='bbox 488 3416 490 3421; x_wconf 93' lang='grc'>.</span> <span class='ocrx_word' id='word_1_209' title='bbox 540 3383 684 3457; x_wconf 87' lang='lat' dir='ltr'>corpora</span> <span class='ocrx_word' id='word_1_210' title='bbox 701 3356 849 3452; x_wconf 85' lang='lat' dir='ltr'>ejusdem</span> <span class='ocrx_word' id='word_1_211' title='bbox 870 3356 968 3426; x_wconf 90' lang='lat' dir='ltr'>molis</span> <span class='ocrx_word' id='word_1_212' title='bbox 993 3382 1107 3454; x_wconf 86' lang='lat' dir='ltr'>parem</span> <span class='ocrx_word' id='word_1_213' title='bbox 1131 3359 1231 3425; x_wconf 89' lang='lat' dir='ltr'>etiam</span> <span class='ocrx_word' id='word_1_214' title='bbox 1252 3349 1388 3425; x_wconf 88' lang='lat' dir='ltr'>massam</span> <span class='ocrx_word' id='word_1_215' title='bbox 1412 3351 1467 3425; x_wconf 89' lang='lat' dir='ltr'>seu</span> <span class='ocrx_word' id='word_1_216' title='bbox 1487 3361 1706 3456; x_wconf 86' lang='lat' dir='ltr'>quantitatem</span> <span class='ocrx_word' id='word_1_217' title='bbox 1726 3366 1887 3435; x_wconf 89' lang='lat' dir='ltr'>materiae</span> 
     </span>
     <span class='ocr_line' id='line_1_27' title="bbox 540 3455 1887 3563; baseline 0.003 -31"><span class='ocrx_word' id='word_1_218' title='bbox 540 3466 746 3532; x_wconf 81' lang='lat' dir='ltr'>contineant.</span> <span class='ocrx_word' id='word_1_219' title='bbox 817 3457 918 3528; x_wconf 91' lang='lat' dir='ltr'>Nulla</span> <span class='ocrx_word' id='word_1_220' title='bbox 939 3476 1031 3528; x_wconf 91' lang='lat' dir='ltr'>certe</span> <span class='ocrx_word' id='word_1_221' title='bbox 1055 3464 1140 3528; x_wconf 88' lang='lat' dir='ltr'>ratio</span> <span class='ocrx_word' id='word_1_222' title='bbox 1164 3456 1357 3549; x_wconf 74' lang='lat' dir='ltr'>huiusmodi</span> <span class='ocrx_word' id='word_1_223' title='bbox 1376 3456 1605 3557; x_wconf 88' lang='lat' dir='ltr'>aequalitatem</span> <span class='ocrx_word' id='word_1_224' title='bbox 1628 3455 1762 3549; x_wconf 88' lang='lat' dir='ltr'>suadet,</span> <span class='ocrx_word' id='word_1_225' title='bbox 1787 3482 1887 3563; x_wconf 85' lang='lat' dir='ltr'>atque</span> 
     </span>
     <span class='ocr_line' id='line_1_28' title="bbox 542 3555 1889 3660; baseline 0.004 -26"><span class='ocrx_word' id='word_1_226' title='bbox 542 3562 779 3660; x_wconf 80' lang='lat' dir='ltr'>experientiam</span> <span class='ocrx_word' id='word_1_227' title='bbox 797 3555 1006 3630; x_wconf 87' lang='lat' dir='ltr'>consulentes</span> <span class='ocrx_word' id='word_1_228' title='bbox 1025 3556 1319 3656; x_wconf 83' lang='lat' dir='ltr'>deprehendimus,</span> <span class='ocrx_word' id='word_1_229' title='bbox 1347 3555 1405 3630; x_wconf 89' lang='lat' dir='ltr'>sub</span> <span class='ocrx_word' id='word_1_230' title='bbox 1425 3559 1552 3659; x_wconf 87' lang='lat' dir='ltr'>aequali</span> <span class='ocrx_word' id='word_1_231' title='bbox 1570 3557 1742 3634; x_wconf 83' lang='lat' dir='ltr'>volumine</span> <span class='ocrx_word' id='word_1_232' title='bbox 1766 3569 1802 3635; x_wconf 91' lang='lat' dir='ltr'>in</span> <span class='ocrx_word' id='word_1_233' title='bbox 1816 3565 1889 3639; x_wconf 84' lang='lat' dir='ltr'>aliis</span> 
     </span>
     <span class='ocr_line' id='line_1_29' title="bbox 545 3658 1889 3762; baseline 0.005 -30"><span class='ocrx_word' id='word_1_234' title='bbox 545 3659 742 3758; x_wconf 87' lang='lat' dir='ltr'>corporibus</span> <span class='ocrx_word' id='word_1_235' title='bbox 764 3659 857 3756; x_wconf 88' lang='lat' dir='ltr'>plus,</span> <span class='ocrx_word' id='word_1_236' title='bbox 886 3663 921 3729; x_wconf 92' lang='lat' dir='ltr'>in</span> <span class='ocrx_word' id='word_1_237' title='bbox 944 3658 1012 3730; x_wconf 89' lang='lat' dir='ltr'>aliis</span> <span class='ocrx_word' id='word_1_238' title='bbox 1033 3668 1144 3731; x_wconf 87' lang='lat' dir='ltr'>miuus</span> <span class='ocrx_word' id='word_1_239' title='bbox 1166 3665 1324 3730; x_wconf 87' lang='lat' dir='ltr'>materiae</span> <span class='ocrx_word' id='word_1_240' title='bbox 1348 3659 1516 3738; x_wconf 84' lang='lat' dir='ltr'>concludi,</span> <span class='ocrx_word' id='word_1_241' title='bbox 1570 3665 1767 3762; x_wconf 88' lang='lat' dir='ltr'>Quanquam</span> <span class='ocrx_word' id='word_1_242' title='bbox 1794 3672 1889 3741; x_wconf 86' lang='lat' dir='ltr'>enim</span> 
     </span>
     <span class='ocr_line' id='line_1_30' title="bbox 548 3753 1889 3862; baseline 0.007 -33"><span class='ocrx_word' id='word_1_243' title='bbox 548 3764 647 3855; x_wconf 84' lang='lat' dir='ltr'>objici</span> <span class='ocrx_word' id='word_1_244' title='bbox 664 3753 769 3844; x_wconf 90' lang='lat' dir='ltr'>solet,</span> <span class='ocrx_word' id='word_1_245' title='bbox 796 3758 849 3830; x_wconf 86' lang='lat' dir='ltr'>vel</span> <span class='ocrx_word' id='word_1_246' title='bbox 865 3787 936 3831; x_wconf 91' lang='lat' dir='ltr'>non</span> <span class='ocrx_word' id='word_1_247' title='bbox 955 3779 1066 3831; x_wconf 89' lang='lat' dir='ltr'>totum</span> <span class='ocrx_word' id='word_1_248' title='bbox 1082 3760 1243 3837; x_wconf 89' lang='lat' dir='ltr'>volumen</span> <span class='ocrx_word' id='word_1_249' title='bbox 1257 3768 1396 3833; x_wconf 89' lang='lat' dir='ltr'>materia</span> <span class='ocrx_word' id='word_1_250' title='bbox 1411 3763 1559 3862; x_wconf 80' lang='lat' dir='ltr'>impleri,</span> <span class='ocrx_word' id='word_1_251' title='bbox 1582 3762 1636 3833; x_wconf 89' lang='lat' dir='ltr'>vel</span> <span class='ocrx_word' id='word_1_252' title='bbox 1654 3773 1827 3837; x_wconf 88' lang='lat' dir='ltr'>materiam</span> <span class='ocrx_word' id='word_1_253' title='bbox 1851 3776 1889 3842; x_wconf 91' lang='lat' dir='ltr'>in</span> 
     </span>
     <span class='ocr_line' id='line_1_31' title="bbox 547 3859 1892 3963; baseline 0.007 -28"><span class='ocrx_word' id='word_1_254' title='bbox 547 3867 640 3963; x_wconf 86' lang='lat' dir='ltr'>poris</span> <span class='ocrx_word' id='word_1_255' title='bbox 657 3877 850 3931; x_wconf 87' lang='lat' dir='ltr'>contentam</span> <span class='ocrx_word' id='word_1_256' title='bbox 865 3860 988 3937; x_wconf 85' lang='lat' dir='ltr'>nonad</span> <span class='ocrx_word' id='word_1_257' title='bbox 1007 3859 1114 3961; x_wconf 88' lang='lat' dir='ltr'>ipsum</span> <span class='ocrx_word' id='word_1_258' title='bbox 1141 3889 1262 3960; x_wconf 86' lang='lat' dir='ltr'>corpus</span> <span class='ocrx_word' id='word_1_259' title='bbox 1285 3871 1477 3962; x_wconf 83' lang='lat' dir='ltr'>pertinere,</span> <span class='ocrx_word' id='word_1_260' title='bbox 1510 3865 1590 3935; x_wconf 89' lang='lat' dir='ltr'>hinc</span> <span class='ocrx_word' id='word_1_261' title='bbox 1614 3884 1725 3937; x_wconf 90' lang='lat' dir='ltr'>tamen</span> <span class='ocrx_word' id='word_1_262' title='bbox 1750 3874 1892 3944; x_wconf 86' lang='lat' dir='ltr'>minime</span> 
     </span>
     <span class='ocr_line' id='line_1_32' title="bbox 482 3964 1892 4067; baseline 0.009 -32"><span class='ocrx_word' id='word_1_263' title='bbox 482 3978 485 3983; x_wconf 87' lang='lat'>&#39;</span> <span class='ocrx_word' id='word_1_264' title='bbox 549 3967 736 4054; x_wconf 79' lang='lat' dir='ltr'>evincitur,</span> <span class='ocrx_word' id='word_1_265' title='bbox 760 3988 878 4034; x_wconf 84' lang='lat' dir='ltr'>omnes</span> <span class='ocrx_word' id='word_1_266' title='bbox 894 3990 1078 4064; x_wconf 90' lang='lat' dir='ltr'>corporum</span> <span class='ocrx_word' id='word_1_267' title='bbox 1093 3964 1268 4063; x_wconf 86' lang='lat' dir='ltr'>particulas</span> <span class='ocrx_word' id='word_1_268' title='bbox 1282 3992 1385 4067; x_wconf 90' lang='lat' dir='ltr'>aeque</span> <span class='ocrx_word' id='word_1_269' title='bbox 1398 3990 1533 4067; x_wconf 84' lang='lat' dir='ltr'>magnas</span> <span class='ocrx_word' id='word_1_270' title='bbox 1556 3970 1656 4037; x_wconf 89' lang='lat' dir='ltr'>etiam</span> <span class='ocrx_word' id='word_1_271' title='bbox 1677 3975 1748 4066; x_wconf 90' lang='lat' dir='ltr'>pari</span> <span class='ocrx_word' id='word_1_272' title='bbox 1770 3964 1892 4047; x_wconf 80' lang='lat' dir='ltr'>inertia</span> 
     </span>
     <span class='ocr_line' id='line_1_33' title="bbox 549 4058 1893 4167; baseline 0.009 -32"><span class='ocrx_word' id='word_1_273' title='bbox 549 4058 614 4135; x_wconf 86' lang='lat' dir='ltr'>esse</span> <span class='ocrx_word' id='word_1_274' title='bbox 630 4060 802 4161; x_wconf 86' lang='lat' dir='ltr'>praeditas.</span> <span class='ocrx_word' id='word_1_275' title='bbox 853 4061 918 4136; x_wconf 90' lang='lat' dir='ltr'>Sed</span> <span class='ocrx_word' id='word_1_276' title='bbox 930 4068 1012 4138; x_wconf 91' lang='lat' dir='ltr'>haee</span> <span class='ocrx_word' id='word_1_277' title='bbox 1051 4068 1174 4139; x_wconf 83' lang='lat' dir='ltr'>ttaellio</span> <span class='ocrx_word' id='word_1_278' title='bbox 1193 4073 1356 4166; x_wconf 91' lang='lat' dir='ltr'>imprimis</span> <span class='ocrx_word' id='word_1_279' title='bbox 1370 4064 1469 4139; x_wconf 91' lang='lat' dir='ltr'>ardua</span> <span class='ocrx_word' id='word_1_280' title='bbox 1483 4069 1548 4138; x_wconf 89' lang='lat' dir='ltr'>huc</span> <span class='ocrx_word' id='word_1_281' title='bbox 1564 4094 1633 4141; x_wconf 88' lang='lat' dir='ltr'>non</span> <span class='ocrx_word' id='word_1_282' title='bbox 1648 4077 1803 4167; x_wconf 85' lang='lat' dir='ltr'>pertinet,</span> <span class='ocrx_word' id='word_1_283' title='bbox 1829 4083 1893 4148; x_wconf 87' lang='lat' dir='ltr'>eti·</span> 
     </span>
     <span class='ocr_line' id='line_1_34' title="bbox 549 4094 1893 4268; baseline 0.01 -32"><span class='ocrx_word' id='word_1_284' title='bbox 549 4163 630 4237; x_wconf 81' lang='lat' dir='ltr'>amsi</span> <span class='ocrx_word' id='word_1_285' title='bbox 646 4165 818 4264; x_wconf 90' lang='lat' dir='ltr'>probabile</span> <span class='ocrx_word' id='word_1_286' title='bbox 834 4165 1001 4257; x_wconf 90' lang='lat' dir='ltr'>videatur,</span> <span class='ocrx_word' id='word_1_287' title='bbox 1025 4094 1164 4268; x_wconf 84' lang='lat' dir='ltr'>duplicis</span> <span class='ocrx_word' id='word_1_288' title='bbox 1182 4167 1296 4241; x_wconf 90' lang='lat' dir='ltr'>saltem</span> <span class='ocrx_word' id='word_1_289' title='bbox 1310 4176 1442 4267; x_wconf 87' lang='lat' dir='ltr'>generis</span> <span class='ocrx_word' id='word_1_290' title='bbox 1456 4176 1606 4239; x_wconf 85' lang='lat' dir='ltr'>materias</span> <span class='ocrx_word' id='word_1_291' title='bbox 1621 4175 1656 4241; x_wconf 93' lang='lat' dir='ltr'>in</span> <span class='ocrx_word' id='word_1_292' title='bbox 1677 4172 1806 4245; x_wconf 90' lang='lat' dir='ltr'>mundo</span> <span class='ocrx_word' id='word_1_293' title='bbox 1822 4186 1893 4249; x_wconf 83' lang='lat' dir='ltr'>exi-</span> 
     </span>
    </p>
   </div>
   <div class='ocr_carea' id='block_1_8' title="bbox 546 4264 1893 4447">
    <p class='ocr_par' dir='ltr' id='par_1_8' title="bbox 546 4264 1893 4447">
     <span class='ocr_line' id='line_1_35' title="bbox 546 4264 1893 4443; baseline 0.01 -104"><span class='ocrx_word' id='word_1_294' title='bbox 546 4267 652 4443; x_wconf 69' lang='lat' dir='ltr'>sleqq,</span> <span class='ocrx_word' id='word_1_295' title='bbox 681 4271 718 4336; x_wconf 91' lang='lat' dir='ltr'>in</span> <span class='ocrx_word' id='word_1_296' title='bbox 732 4294 874 4371; x_wconf 89' lang='lat' dir='ltr'>quarum</span> <span class='ocrx_word' id='word_1_297' title='bbox 883 4268 984 4344; x_wconf 84' lang='lat' dir='ltr'>altera</span> <span class='ocrx_word' id='word_1_298' title='bbox 992 4270 1193 4376; x_wconf 26' lang='lat' dir='ltr'>proflaequali</span> <span class='ocrx_word' id='word_1_299' title='bbox 1202 4269 1375 4345; x_wconf 85' lang='lat' dir='ltr'>volumine</span> <span class='ocrx_word' id='word_1_300' title='bbox 1384 4264 1652 4347; x_wconf 82' lang='lat' dir='ltr'>massatrtttltofit</span> <span class='ocrx_word' id='word_1_301' title='bbox 1665 4283 1775 4371; x_wconf 86' lang='lat' dir='ltr'>major</span> <span class='ocrx_word' id='word_1_302' title='bbox 1789 4304 1893 4381; x_wconf 82' lang='lat' dir='ltr'>quam</span> 
     </span>
     <span class='ocr_line' id='line_1_36' title="bbox 547 4384 722 4447; baseline -0.034 0"><span class='ocrx_word' id='word_1_303' title='bbox 547 4395 585 4447; x_wconf 88' lang='grc' dir='ltr'>ιιι</span> <span class='ocrx_word' id='word_1_304' title='bbox 634 4384 722 4443; x_wconf 87' lang='lat' dir='ltr'>tera.&#39;</span> 
     </span>
    </p>
   </div>
   <div class='ocr_carea' id='block_1_9' title="bbox 942 4494 963 4525">
    <p class='ocr_par' dir='ltr' id='par_1_9' title="bbox 942 4494 963 4525">
     <span class='ocr_line' id='line_1_37' title="bbox 942 4494 963 4525; baseline 0 0"><span class='ocrx_word' id='word_1_305' title='bbox 942 4494 963 4525; x_wconf 57' lang='grc' dir='ltr'><strong><em>Ν</em></strong></span> 
     </span>
    </p>
   </div>
   <div class='ocr_carea' id='block_1_10' title="bbox 1792 4582 1895 4659">
    <p class='ocr_par' dir='ltr' id='par_1_10' title="bbox 1792 4582 1895 4659">
     <span class='ocr_line' id='line_1_38' title="bbox 1792 4582 1895 4659; baseline 0 -14"><span class='ocrx_word' id='word_1_306' title='bbox 1792 4582 1895 4659; x_wconf 72' lang='lat' dir='ltr'><strong><em>THE.</em></strong></span> 
     </span>
    </p>
   </div>
   <div class='ocr_carea' id='block_1_11' title="bbox 0 0 2080 5134">
    <p class='ocr_par' dir='ltr' id='par_1_11' title="bbox 0 0 2080 5134">
     <span class='ocr_line' id='line_1_39' title="bbox 0 0 2080 5134; baseline 0 0"><span class='ocrx_word' id='word_1_307' title='bbox 0 0 2080 5134; x_wconf 95' lang='lat' dir='ltr'> </span> 
     </span>
    </p>
   </div>
  </div>
 </body>
</html>
