4092 5134
835 413 842 509 j
875 390 1121 485 enru‘r.
1170 401 1197 486 r.
1281 405 1298 453 -·

848 618 866 641 ·-
902 592 1116 667 conoul.
1146 615 1174 664 a

457 760 505 826 14.
526 732 634 807 Simul
658 704 742 809 vero
758 755 869 838 patet,
892 726 966 808 sieri
982 731 1094 835 posse,
1116 756 1153 808 ut
1170 710 1261 811 idem
1287 736 1450 837 pundlum
1475 737 1526 821 Ο,
1547 734 1637 837 quod
1664 749 1718 811 re'·

359 835 472 938 spedlu
488 837 642 943 corporis
664 836 867 939 liquidem,
889 833 1040 935 respe'dlu
1062 838 1145 909 alins
1164 845 1319 938 eorporis
1335 842 1565 915 Bmoveatur.
1614 840 1718 911 Unde

293 1021 296 1026 ,
358 944 430 1012 haec
449 939 521 1012 idea
542 962 608 1010 tam
627 961 737 1012 motus
759 966 859 1044 quam
880 945 997 1040 quietis
1015 938 1059 1010 esl
1082 939 1231 1028 relatiua,
1254 966 1364 1041 neque
1385 946 1564 1041 quicquam
1585 938 1719 1042 inipso

285 1090 287 1095 ·
359 1044 486 1143 pundlo
512 1045 678 1114 Omutat.

808 1150 810 1155 ’
910 1193 1121 1267 conum.
1148 1218 1186 1288 3.
1282 1232 1287 1243 ·

1625 1330 1630 1360 ,
1739 1330 1745 1343 ,

461 1400 508 1465 ις.
533 1377 650 1475 Motus
677 1379 779 1475 igitur
805 1394 839 1447 et
862 1380 957 1475 quies
977 1379 1117 1447 nomine
1141 1374 1285 1463 tantum,
1310 1403 1382 1453 non
1403 1401 1486 1449 vero
1507 1398 1543 1446 re
1566 1373 1634 1474 ipsa
1661 1374 1722 1449 fibi

193 1490 195 1503 '
291 1470 299 1485 ’
359 1497 591 1576 opponuntur,
610 1504 688 1547 curn
703 1496 882 1578 utrumque
899 1462 996 1548 smull
1011 1473 1123 1592 eidem
1139 1478 1284 1577 pundlo,
1309 1498 1412 1579 prout
1431 1505 1507 1551 cum
1529 1475 1596 1549 alio
1621 1497 1722 1577 atque
1741 1492 1746 1507 “

359 1578 426 1651 alio
448 1606 594 1679 corpore
616 1575 837 1669 conferatur,
879 1579 978 1649 tribui
1003 1576 1111 1679 polht.
1162 1581 1284 1681 heque
1316 1599 1428 1654 motus
1450 1606 1467 1655 a
1492 1585 1603 1681 quiete
1623 1578 1721 1655 aliter
1754 1584 1759 1591 '

356 1675 490 1772 differt,
506 1704 604 1783 atque
620 1680 829 1781 aliuaflmotus
844 1682 883 1752 ab
899 1679 977 1751 alio.
1298 1694 1301 1699 “

906 1868 1172 1958 ronorr.4.

460 2021 509 2091 16.
540 2018 655 2090 Motus
681 2022 794 2120 itaque
815 2036 849 2090 et
873 2023 967 2118 quiea
991 2044 1170 2118 perperam
1199 2018 1297 2091 inter'
1317 2012 1512 2092 affet‘liones
1535 2044 1723 2118 corporum

359 2136 602 2207 numerantur,
630 2118 903 2222 quandoquidem
922 2118 1004 2191 dum
1021 2115 1157 2193 affedlio
1179 2126 1361 2219 cujuspiam
1384 2128 1432 2193 rei
1455 2141 1621 2209 mutatur,
1651 2118 1723 2221 ipsa

359 2246 413 2292 res
437 2227 659 2293 mutationem
679 2218 763 2320 passa
779 2221 826 2321 lfit
852 2217 1045 2294 censenda:
1071 2250 1150 2295 eum
1176 2244 1296 2294 eontra
1318 2228 1457 2324 corpori
1475 2278 1487 2318 ,
1508 2221 1574 2295 sive
1591 2228 1622 2295 ei
1644 2224 1722 2298 md·

255 2346 257 2357 ·
361 2342 414 2395 tue
429 2319 497 2396 five
513 2329 607 2423 quies
625 2325 810 2412 tribuatur,
826 2324 917 2395 nulla
945 2331 1097 2423 mutatio·
1111 2324 1281 2401 obveniat.

851 2511 1184 2585 errrrcrrro.
1205 2482 1237 2587 ἰ.
1353 2498 1356 2507 ’

465 2685 509 2752 17.
535 2657 724 2763 Caditergo
738 2659 877 2736 celebris
892 2658 949 2732 illa
965 2657 1133 2733 distindlio
1145 2664 1233 2732 inter
1250 2679 1382 2733 motum
1399 2678 1433 2732 et
1446 2665 1718 2763 quietern,quatn

363 2761 559 2865 Philosophi
576 2786 731 2866 tanquam
753 2770 898 2838 maxime
916 2756 1122 2836 essentialem
1141 2763 1338 2862 corporibus
1354 2763 1534 2862 praedicare
1551 2759 1720 2863 soleuttfi

345 2861 347 2864 ⁵
363 2865 501 2967 quidem
517 2890 591 2938 rem
605 2864 646 2936 de
661 2884 755 2939 motu
771 2886 804 2937 et
831 2871 944 2964 quiete
968 2861 1028 2936 res
1045 2864 1150 2935 curva
1170 2864 1398 2964 intelligimus.
1449 2869 1588 2937 Verum‘
1600 2866 1719 2964 objici.

365 2988 434 3059 ent,
444 2992 516 3038 rem
532 2966 634 3064 longe
650 2965 744 3035 aliter
761 2963 794 3037 se
810 2967 952 3050 hahere,
969 2894 1050 3034 fid}
1068 2983 1166 3033 motu
1187 2983 1219 3033 et
1233 2972 1344 3064 quiete
1360 2964 1503 3038 absoluta
1520 2966 1723 3069 loquamur:
1763 2988 1766 3001 ’

366 3066 449 3167 quid
466 3084 578 3137 autem
592 3064 631 3135 sit
645 3084 756 3135 motus
774 3062 941 3137 absolutus
957 3084 991 3137 et
1006 3068 1101 3165 quiea
1114 3058 1262 3136 absoluta
1280 3062 1439 3138 nonsatis
1462 3066 1637 3143 definiunt.
1688 3074 1723 3143 Si

363 3168 470 3241 velint
486 3170 544 3239 has
563 3165 855 3241 denominationes
870 3193 909 3238 ex
923 3165 1087 3237 relatione
1103 3162 1145 3235 ad
1157 3163 1264 3237 slellaa
1286 3167 1367 3239 fixas
1384 3167 1540 3268 petendae
1560 3166 1645 3259 esse,
1669 3179 1721 3245 ni·

361 3269 548 3346 hilominus
562 3287 752 3342 tamruotm
768 3297 868 3371 quam
889 3274 983 3368 quies
1003 3285 1103 3340 erunt
1118 3261 1306 3367 respedliui,
1319 3296 1429 3370 neque
1454 3297 1472 3341 a
1493 3272 1614 3345 nollria
1635 3270 1720 3348 defr-
1764 3352 1766 3363 ,

361 3373 547 3448 nitionibus
564 3369 741 3460 recedunt,
770 3370 830 3444 nisi
845 3366 937 3472 quod
959 3370 1050 3467 aliud
1075 3394 1113 3440 ac
1133 3364 1396 3442 determinatum
1417 3398 1540 3473 corpus
1554 3373 1722 3473 indicent}
1763 3388 1766 3467 j

362 3474 404 3549 ad
428 3472 524 3577 quod
551 3473 669 3546 relatio
693 3473 733 3545 fit
753 3470 970 3559 instituenda,
991 3466 1080 3543 unde
1103 3466 1184 3571 quid
1208 3477 1244 3542 in
1262 3468 1370 3573 ipsum
1394 3500 1539 3579 corpus,
1562 3474 1655 3576 quod
1678 3502 1721 3550 eo
1758 3486 1766 3547 ,’

361 3574 528 3663 reseruu,
545 3573 723 3661 redundet,
750 3573 904 3650 nondum
924 3591 1072 3671 apparet.
1122 3574 1284 3644 Ceterum
1309 3564 1448 3647 minime
1471 3602 1585 3677 nego,
1611 3577 1723 3652 ullum

281 3672 283 3677 ¹
362 3673 429 3753 esse
454 3672 658 3767 discrimen,
681 3682 770 3748 inter
793 3696 925 3749 motum
951 3691 985 3743 et
1009 3679 1178 3775 quietem,
1203 3673 1258 3746 vel
1276 3680 1361 3747 inter
1389 3702 1510 3777 corpus
1533 3697 1667 3753 motum
1690 3700 1748 3756 et·

386 3776 554 3874 inescans,
578 3772 655 3850 curia
679 3785 793 3877 potius,
808 3785 843 3851 in
872 3803 913 3849 eo
937 3771 1134 3847 definienda
1157 3793 1226 3846 tota
1252 3778 1452 3849 Meclaar‘rica
1483 3778 1523 3850 srt
1543 3800 1722 3884 occupata:

362 3809 420 3955 led
435 3879 469 3952 id
490 3889 562 3975 jure
576 3876 734 3980 equidem
753 3907 863 3982 nego,
883 3882 1072 3950 motur'n'et
1091 3881 1242 3976 quietem
1259 3878 1365 3949 ullam
1380 3886 1546 3953 internam
1566 3886 1721 3985 corporis

361 3986 585 4056 mutationem
597 3981 783 4055 involvere.
833 3980 886 4054 nd
905 3977 997 4079 quod
1016 4004 1101 4081 ergo
1139 3978 1452 4077 raedicameutorum
1475 4008 1581 4085 genna
1596 3983 1721 4061 referri

361 4082 616 4183 debeant'quies
641 4102 673 4156 et
692 4104 824 4171 motus,
846 4076 1046 4178 Philosophi
1070 4003 1238 4169 viderint,
1264 4080 1438 4181 qualitates
1466 4102 1557 4156 certe
1576 4092 1721 4164 minime
1752 4142 1756 4149 -

360 4189 476 4259 vocari
493 4178 644 4284 possunt:
661 4184 747 4256 nihil
762 4204 874 4258 autem
890 4181 1068 4283 prohibet,
1086 4183 1143 4252 has
1161 4209 1213 4253 res
1231 4182 1320 4256 inter
1335 4185 1513 4256 relationes
1527 4213 1721 4279 numerare,

360 4282 633 4392 quandoquidem
648 4305 814 4386 uteunque
831 4284 947 4359 eadem
961 4310 1014 4357 res
1038 4309 1113 4355 cum
1129 4280 1200 4354 aliis
1224 4283 1362 4383 aliisque
1384 4286 1522 4383 objettis
1544 4314 1722 4395 compare·

362 4413 435 4480 tur,
451 4397 521 4488 ejm
543 4386 675 4462 indoles
689 4393 820 4462 interna
834 4388 967 4463 nullam·
985 4390 1210 4459 mutationem
1233 4380 1330 4464 subit.
1431 4396 1434 4405 '
1591 4386 1594 4391 ’

263 4612 265 4617 ,
352 4550 375 4641 ·,
1556 4542 1724 4657 axam·
