4092 5134
731 262 736 269 ’
840 309 844 321 ’
954 302 1378 434 Parnrr'rm

486 580 662 673 ponam,
691 578 800 670 quae
804 482 956 637 lediori
980 496 1275 645 inevolvendo
1288 558 1405 648 hocs
1396 504 1531 677 cripte
1550 589 1610 663 no
1626 500 1864 651 ratiocinio·

488 720 583 793 rum
606 700 676 792 silo
702 700 936 818 detegendo
950 698 1068 788 utdta
1079 700 1223 793 esseae
1236 716 1410 825 operam
1422 704 1637 802 sublevare
1658 710 1770 831 posse
1788 716 1866 801 mi·

489 826 532 942 hi
549 852 629 943 visa
650 849 750 943 sunt.

187 1088 192 1097 ,
312 1106 317 1115 ¹
433 1096 439 1113 ,,
507 1110 511 1117 ¹
606 998 808 1117 Corporis
830 998 970 1094 finitae
990 1002 1244 1092 extensionis
1265 1024 1407 1096 motus
1425 1038 1512 1097 uon
1534 1011 1766 1126 innotescit,
1794 1012 1868 1101 nisi

367 1160 379 1191 ·’
490 1135 747 1291 singularum
770 1150 899 1265 ipsus
925 1153 1226 1271 particularum
1252 1178 1373 1247 motu
1403 1157 1689 1253 determinato
1747 1162 1869 1254 Haeo

485 1284 631 1395 caussa
646 1297 721 1411 est,
751 1328 828 1387 cur
840 1330 1042 1419 pnncrpra
1054 1323 1195 1393 motus
1218 1334 1462 1423 corporum,
1497 1332 1546 1398 ut
1566 1310 1718 1428 punsta
1742 1304 1873 1401 conii·

457 1482 459 1487 ·
501 1454 780 1565 deratorum,
808 1450 1081 1545 abstrahendo
1115 1456 1170 1543 ab
1197 1456 1427 1544 eorundem
1450 1460 1730 1572 extensrone,
1755 1464 1877 1578 priud

495 1604 573 1694 sint
583 1601 832 1715 stabilienda,
848 1634 977 1721 quam
987 1608 1202 1721 negouum
1212 1602 1326 1720 leges
1339 1628 1480 1695 motus
1494 1636 1719 1725 corporum
1718 1608 1873 1697 finitae

497 1754 795 1871 magnitudinis
818 1755 1043 1847 evolvendi
1069 1752 1208 1870 suscipi
1239 1777 1376 1871 queat.
1461 1756 1688 1873 Explicata
1709 1763 1797 1873 jam
1817 1757 1875 1847 est

488 1907 663 2023 theoria
678 1904 731 1992 de
744 1928 865 1993 motu
880 1908 1130 2037 ριιιιέιοιιιιιι
1152 1936 1178 1993 a
1201 1933 1307 1993 can.
1331 1906 1581 1997 Ενιιιιιο
1569 1937 1613 1994 ιιι
1636 1909 1876 2001 Machanicae

138 1996 141 2005 ἢ
216 2154 223 2167 ,
354 2072 357 2077 ’
490 2052 572 2168 fior
585 2051 901 2169 motusscientiae
919 2053 1071 2170 analyt'
1056 2085 1109 2144 tce
1123 2056 1315 2173 expoſstue
1329 2054 1513 2146 Tomos.
1521 2056 1624 2149 ull.
1641 2057 1755 2175 quod
1769 2086 1875 2174 opus

429 2234 457 2295 .·
486 2199 834 2293 absolutissimum
871 2204 926 2294 A.
944 2211 1055 2320 1736
1110 2200 1325 2319 Petropoli
1343 2230 1402 2288 ex
1424 2205 1696 2321 typographia
1711 2205 1877 2293 Acade·

502 2357 612 2443 miae
627 2351 886 2442 scientiarum
900 2351 1063 2471 prodiit
1092 2348 1339 2443 Promiserat
1353 2352 1472 2442 srmul
1489 2378 1642 2443 caan.
1652 2378 1878 2464 Avcroa,

480 2596 482 2601 ,
505 2500 623 2621 open
609 2500 734 2587 huic
748 2499 1216 2621 subjtnrgeretrasiatum
1229 2501 1282 2588 de
1294 2523 1415 2590 motu
1425 2522 1651 2620 corporum
1664 2501 1878 2589 finitorum

505 2654 552 2747 δι
572 2654 709 2769 primo
729 2650 899 2768 quidem
919 2653 1169 2769 rigidorunr,
1199 2655 1289 2767 pari
1312 2652 1512 2747 methodo
1526 2649 1877 2741 conscribendum.
1919 2732 1924 2741 .

373 2851 375 2854 ·
428 2830 430 2839 ·
506 2804 575 2895 Ac
589 2802 685 2919 sicet
699 2800 779 2887 hoc
789 2812 1083 2917 argumentum
1096 2821 1186 2888 tam
1200 2801 1614 2893 arduum&antehac
1629 2823 1881 2916 tamparunr

508 2950 731 3041 nauatam
748 2956 947 3043 maximis
960 2949 1220 3070 implicatum
1235 2948 1447 3039 invenisset
1463 2934 1790 3049 difficultatibus3
1818 2946 1881 3035 se·

378 3198 380 3203 .
491 3102 576 3197 'lici
591 3124 731 3194 tamen
745 3104 920 3195 successu
936 3101 1107 3190 tandem
1121 3101 1264 3186 omnia
1276 3102 1377 3189 vicit
1391 3097 1687 3215 impedimenta
1703 3129 1752 3186 ac
1766 3126 1885 3215 pror·

508 3250 573 3342 sus
588 3282 745 3346 novam
758 3260 846 3348 fere
859 3254 1091 3343 elaboravit
1106 3248 1328 3362 scientiam,
1357 3249 1476 3359 cujus
1489 3239 1701 3366 piincipia,
1727 3249 1884 3367 qualia-

505 3433 677 3522 ·cunque
693 3406 788 3495 licet
802 3426 925 3499 antea
951 3401 1105 3490 suerint
1129 3402 1315 3515 cognita,
1354 3395 1408 3483 ad
1429 3415 1589 3483 tantam
1608 3401 1662 3486 ab
1682 3397 1766 3515 ipso
1787 3427 1884 3515 pro-

408 3626 410 3633 ·
510 3579 628 3647 mota
636 3556 726 3645 sunt
737 3553 1097 3660 universalitatem,
1122 3546 1279 3637 utnihil
1297 3543 1884 3662 ampliusinhacMechanices

510 3730 629 3827 parte
645 3704 960 3795 desiderandum
974 3701 1195 3816 reliquerit.
1281 3696 1399 3809 Quin
1422 3696 1535 3813 quod
1557 3703 1635 3789 vix
1658 3698 1885 3817 expedian-

511 3858 617 3947 dum
637 3876 738 3966 erat,
758 3850 1036 3943 abstrufissuna
1050 3852 1153 3939 hae'e
1166 3855 1335 3937 inventa
1349 3846 1455 3931 mira
1468 3846 1656 3964 exposuit
1669 3848 1881 3941 evidentia

462 4012 473 4079 ἱ
511 4040 597 4099 ιιοιι
610 4003 853 4096 tantumsed
868 4000 1227 4121 &perspicuitate
1255 3999 1314 4082 ita
1327 4015 1374 4080 ut
1388 3992 1505 4084 Artis
1520 4002 1661 4112 peritis
1684 4026 1770 4083 non
1789 4020 1881 4081 tan·

511 4164 606 4249 tum
621 4156 757 4244 aditus
771 4154 825 4243 ad
843 4152 1035 4268 mysteria
1052 4155 1094 4239 in
1107 4152 1188 4237 hoo
1203 4145 1308 4232 libro
1327 4146 1541 4235 recondita
1560 4169 1720 4265 pateat,
1753 4142 1881 4249 sed&

434 4316 436 4321 ’
510 4308 625 4401 idem
639 4308 807 4428 opusiis
822 4303 1057 4397 erudiendis
1070 4297 1262 4391 inservire
1286 4317 1432 4411 queat,
1468 4300 1602 4413 quiin
1622 4294 1882 4413 anasystjam

1790 4440 1885 4533 litis
