4092 5134
292 430 294 435 ¹
411 362 1692 557 cucaaxru'nxuuaurinis-,vurmatia125

335 618 436 697 fimul
451 626 487 692 iu
510 618 638 693 calculo
660 616 840 721 complecti
863 605 1047 721 quemmir,
1088 650 1203 698 earum
1225 626 1310 701 loco¹
1327 632 1541 707 celeritatem
1550 638 1690 739 'angula-

335 748 425 809 rem,
445 750 528 823 quae
545 748 609 821 pro
620 723 773 795 omnibus
790 722 954 797 dillantiis·
967 725 1012 797 cll
1029 722 1164 816 eadem,
1189 734 1224 800 in
1240 729 1404 805 calculmn
1422 736 1689 829 introducamus,

335 820 452 923 prodit
478 830 569 896 enim
593 850 658 921 ea,
686 824 709 897 li
733 822 871 923 angulus
899 827 1107 925 tempusculo
1130 828 1276 925 quodam
1303 832 1474 909 confector
1497 865 1557 935 per
1583 837 1693 937 ipsum

333 924 583 1024 tempusculum
601 922 790 1011 dividatur,
817 932 862 997 ita
878 948 914 998 ut
930 928 1087 997 omnibus
1102 926 1263 1002 dillantiis
1279 932 1319 1004 sn
1338 946 1535 1011 communis.
1585 944 1619 1013 N
1621 969 1690 1013 am-

334 1052 403 1129 que
419 1026 442 1097 fi
461 1034 495 1099 in
510 1024 660 1098 dissantia
676 1062 716 1097 =
730 1055 756 1100 x
769 1028 808 1099 ab
825 1053 883 1097 axe
901 1034 1086 1128 gyrationis
1104 1028 1254 1104 celeritas
1270 1030 1382 1129 ¹suerit
1406 1074 1445 1109 =
1471 1067 1516 1127 a,
1544 1060 1691 1141 tempus·

334 1114 415 1202 culo
431 1129 478 1203 dc
501 1124 688 1201 absolvetur
714 1153 751 1199 ea
778 1127 907 1199 arculus
929 1162 969 1199 =
993 1130 1094 1217 vde,
1119 1138 1176 1232 qui
1199 1160 1263 1233 per
1282 1134 1415 1211 radium
1437 1166 1463 1211 x
1487 1138 1609 1215 divisus
1632 1142 1689 1217 dat

333 1280 495 1383 angulum
506 1285 634 1365 interea
653 1275 899 1357 confectum:
927 1228 1046 1397 ss:
1084 1284 1141 1353 hic
1172 1304 1284 1359 autem
1312 1295 1437 1363 iterum
1463 1319 1541 1391 per¹
1557 1312 1688 1396 tempus

333 1472 381 1551 dt
409 1470 534 1547 divisus
567 1464 724 1569 producit
750 1436 819 1587 {a
846 1470 913 1541 lroc
929 1470 975 1543 est
992 1469 1196 1545 celeritatem
1212 1474 1418 1576 angularem.
1469 1480 1610 1556 Perinde
1624 1491 1688 1585 igi·

333 1634 391 1686 tur
409 1613 467 1699 eli,
484 1636 632 1711 quonam
649 1606 754 1681 modo
770 1606 974 1681 celeritatem
989 1612 1184 1713 angrrlarem
1208 1611 1350 1687 definire
1376 1612 1543 1702 velimus,
1566 1616 1634 1691 live
1648 1618 1689 1693 lit

331 1712 484 1788 celeritas
510 1710 678 1785 distantiae
703 1741 741 1778 ε.-
765 1732 780 1777 r
805 1718 1035 1800 conveniens,
1080 1712 1148 1785 five
1173 1716 1326 1789 celeritas
1349 1720 1538 1813 cuicunque
1565 1716 1686 1792 dissau-

330 1822 397 1887 tiae
431 1808 635 1911 respondem
671 1834 741 1882 ‘er
779 1810 865 1882 hanc
898 1808 1002 1913 ipsam
1050 1812 1234 1889 distantiam
1278 1808 1382 1891 divisa
1411 1870 1421 1899 ,
1478 1814 1545 1886 sive
1582 1846 1685 1921 angn.

332 1916 393 1989 lus'
425 1914 635 1987 elementaris
674 1837 797 1983 divisus
838 1939 898 2012 per
934 1914 1180 2013 ternpusculum
1209 1976 1221 2007 ,
1263 1942 1332 2017 quo
1373 1911 1556 1988 absolvitur
1587 1949 1598 2008 3
1646 1919 1685 1993 sr-

307 2014 470 2120 ,quidem
496 2018 533 2088 hi
564 2010 755 2087 trec'modi
787 2017 876 2085 inter
917 2010 950 2088 se
992 2024 1201 2091 conveniunt
1284 2020 1413 2088 Primus
1451 2014 1590 2187 quidem
1627 2049 1685 2095 na·

331 2140 426 2191 turae
440 2124 490 2191 rei
508 2116 554 2189 cst
569 2121 711 2187 maxime
736 2111 949 2206 conformis,
983 2146 1059 2192 cum
1083 2146 1126 2193 eo
1148 2148 1226 2194 vera
1244 2118 1396 2197 celeritas
1414 2121 1448 2186 in
1474 2124 1580 2215 ieetur
1597 2177 1608 2218 ‚
1635 2144 1684 2196 at·

330 2248 397 2323 que
415 2217 600 2293 distantiam
616 2217 706 2291 illam
722 2216 848 2302 fixam,
880 2224 932 2289 cui
955 2219 1160 2319 respondet,
1188 2224 1233 2293 ob
1257 2220 1399 2292 fimilem
1422 2226 1590 2292 rationem
1608 2230 1683 2297 uui·

331 2342 400 2397 tate
416 2322 638 2421 insignimus,
668 2325 786 2419 quain
810 2316 964 2391 mensura
990 2321 1194 2423 angulorum
1220 2320 1329 2395 radius
1350 2318 1494 2407 circuli,
1521 2320 1562 2392 ad
1578 2350 1682 2421 quem

329 2418 547 2509 referuntur,
573 2425 699 2493 unitate
712 2423 854 2519 exprimi
871 2414 983 2506 solet:
1010 2442 1047 2495 ut
1059 2428 1222 2499 nimirum
1235 2420 1348 2527 auguli
1365 2443 1405 2518 et·
1416 2421 1566 2523 arcusad
1586 2450 1681 2503 eom·

331 2552 473 2602 muuem
488 2518 918 2623 merrsuratuarevocentur.

793 2668 1147 2773 aaronem.
1197 2725 1230 2787 3.

315 2866 317 2871 ·
433 2856 495 2923 32¹·
517 2835 553 2901 Si
568 2852 690 2927 corpus
703 2820 850 2925 rigidum
866 2829 956 2895 eirca
974 2848 1070 2895 axem
1092 2823 1198 2899 lixum
1209 2831 1351 2898 moveri
1368 2822 1682 2923 coeperit,'moturn

330 2934 431 3014 suum
448 2936 658 3035 gyratorium
675 2944 839 3029 perpetuo
864 2922 982 2997 cadem
1004 2922 1175 3013 celeritate
1197 2926 1347 3029 angulari
1362 2922 1685 3027 ,continuabtuntfi

330 3036 487 3113 aviribus
506 3036 652 3107 externis
668 3030 828 3102 turbetur.

738 3212 1268 3291 DEMONSTRATIO.

428 3349 479 3419 Sit
494 3342 551 3416 EF
569 3345 635 3413 axis
651 3340 864 3439 gwidonis,
893 3339 980 3407 circa
998 3364 1101 3437 quem
1125 3362 1247 3437 corpus
1272 3332 1421 3437 rigidum
1443 3331 1576 3405 moveri
1600 3354 1678 3404 coc·
1705 3338 1779 3441 Fig.
1793 3362 1861 3434 29,¹

327 3450 439 3553 perit,
473 3444 643 3518 celeritate
666 3438 816 3540 angulari
836 3462 931 3522 ει,
960 3462 1047 3537 quae
1066 3434 1193 3512 seilicet
1218 3433 1418 3537 respondeat
1445 3432 1615 3507 distantiae
1641 3432 1682 3503 ab

327 3576 388 3625 auc
402 3582 442 3621 ,ε
459 3570 483 3621 r.
533 3544 678 3639 Quaevis
694 3566 777 3642 crgo
799 3532 961 3639 particula
982 3564 1015 3611 m
1036 3538 1076 3613 ab
1086 3564 1147 3613 axe
1174 3536 1294 3613 diliana
1313 3534 1494 3614 intervallo
1512 3560 1627 3613 mn:
1642 3556 1680 3631 ar,

327 3652 444 3727 habuit
459 3644 666 3719 celeritatem
680 3672 717 3709 =
730 3670 777 3713 cx
791 3646 826 3711 in
844 3634 987 3710 eundem
1003 3634 1146 3719 sensum.
1199 3640 1369 3734 Quoniam
1388 3664 1510 3737 corpur
1526 3662 1605 3711 cum
1617 3659 1679 3707 axe

353 3750 418 3827 uali
433 3772 540 3821 unum
555 3744 724 3819 conllituit
744 3766 865 3841 corpus
881 3735 1029 3841 rigidum
1046 3800 1057 3831 ,
1086 3744 1290 3841 particulam
1305 3769 1383 3815 cum
1398 3766 1458 3813 axe
1473 3743 1529 3811 Er
1548 3744 1593 3809 ita
1606 3735 1678 3808 col·

327 3782 427 3957 ligata
450 3850 496 3925 cll
517 3828 764 3947 intelligenda,
803 3860 840 3913 ut
865 3841 905 3913 ab
927 3864 970 3915 eo
993 3842 1184 3917 constanter
1206 3841 1346 3919 eandem
1362 3840 1473 3915 servet
1493 3838 1680 3913 dillantiam

326 3980 391 4033 mn
406 3986 445 4023 .-.-.
466 3978 500 4025 x.
549 3942 808 4023 confideremus
823 3945 909 4015 hanc
924 3944 1119 4043 particulam
1136 3942 1253 4034 solam,
1268 3964 1426 4049 tanquam
1440 3940 1502 4015 filo
1518 3966 1580 4015 mn
1600 3962 1679 4010 cum

326 4082 389 4130 axe
413 4076 626 4141 connexam,
655 4067 755 4151 atque
778 4040 873 4143 supra
899 4042 1061 4134 vidimus,
1076 4072 1148 4118 eam
1171 4064 1270 4119 motu
1290 4065 1430 4149 accepto
1456 4040 1678 4117 uniformiter

327 4162 367 4232 in
381 4154 569 4253 peripheria
581 4150 695 4225 circuli
711 4142 776 4237 effe
797 4162 1001 4249 gyraturam.
1050 4146 1163 4322 (qgrod
1186 4174 1262 4221 cum
1283 4147 1326 4223 de
1351 4146 1506 4223 omnibus
1528 4144 1676 4217 clemen·

326 4264 372 4333 tic
394 4250 529 4328 seo'rfim
551 4250 665 4327 sumtis
686 4252 819 4339 valeat,
850 4244 1075 4321 videndume
1118 4309 1128 4340 ,
1164 4274 1246 4323 num
1270 4250 1397 4355 lingula
1416 4268 1551 4323 motum
1579 4240 1678 4317 suum

326 4352 488 4541 prosequi
508 4353 655 4457 pollrnt,
691 4374 729 4427 ut
750 4350 808 4425 fibi
830 4370 950 4425 mutuo
970 4378 1042 4423 non
1059 4350 1121 4426 snt
1145 4353 1403 4457 impedimento.
1455 4355 1582 4423 Verum
1598 4365 1674 4436 per·

340 4456 543 4567 picumucll
558 4512 569 4547 ,
588 4452 887 4561 etiamst-fingulaa
902 4450 937 4529 se
951 4459 1099 4656 ingena
1115 4450 1220 4533 essent
1235 4450 1415 4539 diffoluta,
1441 4449 1533 4578 dum¹

725 4626 730 4637 ·
1037 4582 1055 4647 3
