4092 5134
318 386 411 513 '270
613 326 811 477 caeuu
828 381 881 477 x,
938 380 1015 469 ua
1041 380 1406 473 vmttnrtotvu

577 694 613 708 ..-
630 608 868 685 8dreas7(aa(
879 573 1510 685 rra-ct)cttj'd24bllbb-cc)cosc²)

484 662 563 735 oco
576 717 615 733 .-
998 756 1073 813 aabb
1073 752 1102 831 st
1109 734 1157 829 γ’
1194 838 1197 845 Ι
1525 824 1531 833 ,
1669 826 1676 835 Ι

340 868 457 975 quibus
475 860 647 935 elementis
663 858 740 933 litus
756 862 870 959 puosli
888 858 986 934 osme
1001 861 1217 962 ambiguitate
1232 860 1401 937 definitur.
1452 856 1678 934 Praeteritae
1704 942 1716 960 Ι

338 993 449 1047 eutem
472 968 539 1035 axis
559 968 742 1063 gyrationis
762 969 985 1035 mutationem
1001 962 1150 1039 celeritas
1164 964 1330 1065 angularis
1346 988 1370 1037 a
1383 966 1487 1061 capiet
1498 968 1690 1057 incretum.
1705 962 1716 978 ''

477 1080 1287 1193 vat(aa-tt)(aa-co(bt-ce)c0sacojsscosy

817 1226 954 1283 aabbcc

1289 1167 1337 1239 dt.
1345 1136 1682 1263 Deiodepetpeudau·
1695 1250 1707 1259 Β

341 1204 411 1256 luni
428 1206 466 1245 'a‘-

344 1360 400 1414 tur
418 1344 507 1411 vites
523 1330 759 1415 sollicitantes,
783 1347 897 1398 utrum
914 1332 1053 1425 torpori
1070 1345 1203 1399 motum
1217 1322 1461 1428 progtclstvum
1478 1330 1687 1427 ¹imprimanta
1713 1362 1716 1371 ·

345 1448 437 1535 cujus
453 1444 501 1511 rei
519 1432 714 1506 facillimum
727 1428 772 1500 cll
786 1425 958 1522 judicium,
975 1426 1055 1499 dum
1072 1454 1189 1500 omnes
1207 1437 1294 1501 vitea
1309 1424 1492 1501 secundum
1506 1426 1578 1501 snas
1590 1426 1717 1527 quael(-

346 1570 412 1645 que
434 1538 635 1611 directiones
657 1528 715 1631 ipsi
734 1548 853 1600 centro
876 1534 1015 1601 inertiae
1037 1530 1214 1629 applicatae
1234 1534 1493 1629 concipiantur:
1516 1528 1645 1601 sienim
1654 1517 1692 1599 Β·
1714 1548 1717 1605 3

345 1661 466 1717 mutuo
479 1646 513 1709 in
523 1634 721 1737 aequilibrio
736 1648 878 1729 teneant,
892 1636 1028 1729 corpori
1038 1630 1147 1701 nullut
1164 1650 1278 1703 motm
1287 1630 1683 1733 progrelstvuaimptime·

347 1765 426 1817 tur:
454 1740 502 1813 fin
519 1758 631 1809 autem
648 1730 746 1805 detur
768 1738 816 1803 vis
842 1732 907 1803 illis
928 1730 1164 1833 aequivalens,
1189 1734 1228 1804 ab
1253 1737 1315 1805 hac
1337 1757 1449 1807 mutus
1467 1728 1688 1837 progreslivut.

347 1853 382 1919 in
403 1868 547 1941 corpore
563 1837 776 1939 generabitur
794 1892 804 1919 ,
831 1860 869 1906 ex
885 1841 1002 1933 primis
1017 1838 1189 1934 principiis
1203 1832 1300 1908 sacile
1324 1831 1547 1909 deliniendos.
1595 1836 1692 1907 Tum'

349 1948 399 2019 isli
415 1951 446 2014 vi
465 1939 685 2043 aequivalenti
702 1935 845 2035 aequalis
868 1955 899 2007 et
921 1942 1086 2008 contraria
1108 1934 1168 2035 ipsl
1191 1958 1309 2011 centro
1333 1942 1473 2011 inertiae
1498 1935 1680 2037 applicetur,

348 2069 386 2120 ut
404 2053 468 2139 jam
482 2048 549 2115 hoc
565 2061 718 2111 centrum
734 2044 767 2106 iu
783 2042 894 2139 quiete
920 2056 1096 2124 teneatur,
1123 2055 1219 2137 atque
1239 2042 1301 2110 hac
1327 2046 1359 2109 vi
1383 2066 1461 2111 cmn
1483 2044 1553 2127 iis,
1574 2038 1678 2141 quibat

350 2173 472 2245 corpus
487 2146 560 2214 asin
577 2139 799 2224 sollicitatur,
821 2140 1026 2235 conjunsla,
1056 2164 1174 2211 omnes
1201 2160 1404 2212 revocentur
1426 2136 1466 2212 acl
1486 2138 1591 2227 duat,
1613 2160 1677 2241 qut·

348 2275 426 2323 tum
447 2247 547 2317 altera
565 2249 600 2313 in
618 2260 736 2315 centro
752 2246 888 2311 inertiae
906 2239 1006 2313 altera
1031 2246 1067 2311 in
1087 2238 1153 2311 alio
1165 2243 1310 2341 quodam
1324 2242 1449 2341 ptrnslo
1465 2240 1505 2315 stt
1523 2240 1676 2343 applicata.

350 2376 434 2454 quae
451 2348 534 2420 duae
548 2351 634 2417 vires
657 2360 755 2415 erunt
776 2341 926 2441 aequales
948 2338 1003 2415 sed
1029 2350 1225 2415 contratiae.
1282 2347 1390 2415 Porro
1412 2370 1452 2418 ex
1473 2340 1684 2445 praecedente

351 2459 457 2552 capite
473 2468 650 2551 quaeratur
667 2450 746 2539 axis,
762 2445 848 2515 circa
866 2470 967 2543 quem
983 2470 1106 2543 corpus
1120 2444 1160 2515 ab
1175 2446 1372 2537 illiuvitibue
1388 2454 1545 2521 convcrri
1560 2448 1680 2543 incipitt'

350 2554 512 2653 stnnthue
526 2549 663 2650 angulus
680 2544 905 2618 conversionis
920 2564 1199 2635 momentaneae,
1234 2544 1321 2620 unde
1345 2576 1406 2648 pet
1425 2548 1536 2650 probl.
1554 2556 1606 2623 62.
1623 2542 1678 2641 fiat

350 2656 423 2727 ullo
447 2649 597 2753 respeslu
618 2646 659 2721 ad
680 2654 899 2719 mutationem
919 2654 985 2741 jam
1009 2653 1180 2719 inventam
1203 2650 1340 2746 habito,
1359 2656 1520 2750 quoniam
1548 2641 1674 2723 haectll

351 2755 482 2829 infinite
508 2778 630 2851 parva,
656 2748 745 2849 quast
766 2774 887 2847 corpus
910 2748 1017 2821 adlmc
1035 2754 1122 2819 circa
1146 2774 1241 2821 axem
1262 2752 1311 2821 Oa
1325 2772 1530 2849 gvratctut‚
1558 2774 1674 2855 quaere·

351 2882 405 2931 tut
422 2862 559 2927 variatio
578 2860 612 2923 in
629 2878 687 2922 axe
706 2870 737 2921 et
755 2848 922 2922 celeritate
946 2848 1094 2949 angulari
1120 2850 1197 2923 inde
1219 2870 1319 2937 otta,
1346 2878 1487 2953 quatum
1514 2852 1571 2925 illa
1589 2846 1677 2925 aditi

256 3042 264 3055 .
351 2979 520 3030 crementa
539 2953 590 3024 vel
607 2954 818 3023 decrementa
836 2958 953 3024 tamin
970 2978 1047 3022 arcu
1062 2954 1125 3021 CO
1140 2980 1240 3053 quam
1258 2960 1291 3024 in
1306 2954 1431 3055 angulo
1445 2960 1536 3029 BCO
1552 2966 1675 3029 nata-te

351 3060 504 3134 ducatur.
569 3058 723 3153 Denique
749 3056 830 3124 haec
855 3075 947 3127 terna
965 3052 1129 3125 elementa
1153 3082 1231 3126 cum
1252 3061 1318 3142 iis,
1358 3082 1443 3157 quae
1466 3068 1532 3153 jam
1556 3076 1679 3131 anteat

350 3182 446 3235 motu
459 3162 634 3261 gyratorio
653 3154 724 3227 sunt
741 3153 898 3242 definita,
925 3163 1173 3254 conjungatur,
1203 3156 1312 3256 licque
1328 3160 1536 3232 obtinebitur
1552 3180 1678 3233 vetatt-

349 3270 449 3337 riatio
472 3264 588 3331 tamin
611 3284 669 3331 axe
695 3258 743 3329 10
765 3283 864 3358 qnam
889 3264 924 3330 in
945 3257 1114 3329 celeritate
1139 3256 1289 3359 angulati
1310 3260 1350 3331 ab
1373 3280 1515 3364 rugaque
1543 3256 1679 3337 causas·

350 3363 420 3441 mttl
442 3356 616 3465 prudntia,

862 3516 1187 3591 scitottort.

451 3704 527 3786 677.
552 3694 644 3764 Dum
673 3694 796 3762 vitium
820 3684 1070 3761 sollicitantium
1096 3684 1234 3762 effeslus
1259 3690 1482 3791 exploratur,
1511 3706 1651 3775 variatio
1662 3722 1699 3787 1.,

350 3806 398 3873 xit
416 3798 492 3869 inde
511 3815 581 3866 orta
600 3789 720 3865 codem
739 3787 844 3863 modo
860 3818 920 3890 per
945 3790 1105 3891 angulum
1127 3790 1367 3869 elementarem
1385 3800 1467 3873 OCo
1487 3822 1523 3875 et
1545 3798 1690 3877 differen-

351 3910 431 3973 tiam
449 3922 583 3969 arcuum
600 3898 661 3965 CO
678 3914 710 3967 et
729 3898 778 3966 Co
801 3898 941 3991 exprimi
966 3892 1100 3991 potcll,
1130 3920 1200 3993 quo
1224 3896 1280 3965 hic
1302 3895 1349 3968 nst
1369 3894 1494 3977 sumus.
1572 3904 1690 3979 Scilicet

349 4021 525 4105 quaeratur
545 4000 655 4096 primo
669 4001 747 4081 axis,
764 4000 851 4067 circa
868 4022 970 4096 quem
988 4020 1128 4095 eorpus,
1155 3992 1180 4065 li
1196 3992 1395 4095 quiesceret,
1415 4002 1580 4079 aviribu,
1596 4022 1690 4079 vem.

350 4127 469 4189 retur,
491 4106 547 4201 qui
563 4099 601 4173 lit
618 4100 684 4183 ts,
710 4096 814 4196 sitque
823 4100 915 4266 ἕλε’
934 4094 1072 4197 angulus
1086 4104 1315 4171 conversionis
1328 4102 1544 4203 tempusculo
1566 4108 1606 4183 dt
1624 4132 1690 4209 pta·

350 4204 465 4275 dusius
485 4210 570 4274 circa
590 4202 660 4272 Sin
677 4193 806 4269 sensum
856 4228 899 4284 a,
924 4226 961 4269 ac
976 4224 1040 4296 pro
1056 4198 1181 4295 putatio
1198 4204 1379 4299 Sponatur
1395 4230 1491 4277 arcus
1513 4210 1578 4281 ΔΕ
1589 4222 1689 4299 :uti

349 4307 508 4392 Eszl,
549 4308 605 4401 qui
626 4300 789 4371 valotesa
805 4298 1109 4397 praecedentibus,
1148 4326 1188 4370 cx
1212 4299 1284 4403 ipso
1302 4324 1401 4381 motu
1420 4316 1600 4409 gyratorio
1622 4314 1688 4392 otti!

348 4408 455 4514 probe
471 4402 547 4479 strat
562 4394 793 4505 distinguendi.
859 4401 1055 4503 Cum-crgo
1072 4398 1112 4474 stt
1128 4406 1202 4477 AM
1216 4438 1257 4478 a:
1268 4408 1373 4485 ΛΟΜ
1389 4442 1430 4483 =
1443 4434 1504 4501 m,
1534 4430 1574 4487 ut
1597 4410 1636 4487 fit
1651 4400 1695 4503 d
