4092 5134
512 314 616 525 '224
995 328 1314 491 nomm
1361 375 1509 489 ato*

876 581 1257 736 CAPUT
1345 580 1555 734 VIII.

542 842 637 952 m:
656 835 806 947 nnn
826 827 1509 939 utuartoutsmnmto
1529 800 1899 967 tuoran
1930 954 1933 963 ,

599 999 911 1092 CORPORUM
933 993 1257 1083 RthDORUM
1279 997 1447 1087 CIRCA
1467 993 1659 1093 TALES
1678 996 1841 1083 AXES.
1889 1080 1898 1099 ,

1003 1210 1346 1327 araturam.
1403 1232 1448 1293 tt,

660 1403 729 1473 572.
753 1308 881 1455 Axis
897 1381 1084 1475 gyrationi
1105 1370 1183 1445 liber
1210 1377 1245 1443 in
1266 1380 1387 1473 quovis
1426 1401 1571 1475 corpore
1596 1371 1717 1476 rigido]
1736 1374 1783 1448 est
1812 1384 1899 1472 ejus·

547 1479 642 1656 modsi
656 1487 753 1657 saptis,
784 1474 937 1579 quidum
960 1499 1081 1576 corpus
1098 1479 1190 1545 circa
1206 1500 1283 1545 eutn
1300 1495 1469 1578 gyratur,
1495 1476 1601 1551 nullas
1624 1479 1669 1549 ob
1686 1492 1827 1553 'motum
1850 1484 1900 1549 ni.

542 1612 598 1658 res
635 1611 654 1655 u
685 1591 762 1656 inet.

1052 1708 1304 1779 COROLL.
1360 1733 1384 1778 t.

644 1898 711 1971 573.
738 1877 771 1947 Si
791 1878 895 1973 igitur
930 1897 1054 1971 corpus
1080 1877 1173 1943 circa
1195 1896 1291 1943 axem
1314 1868 1458 1944 liberum
1482 1875 1595 1971 gyrari
1618 1874 1801 1967 coeperit,
1828 1869 1899 1937 'axis

545 1981 664 2084 sponte
679 1985 713 2049 in
729 1983 839 2077 quiete
853 1975 1001 2047 manebit
1017 2031 1029 2070 ‚
1053 2000 1163 2074 neque
1177 2000 1262 2072 opus
1276 1971 1352 2062 esi,
1378 1993 1413 2045 ut
1439 1978 1465 2044 is
1483 1967 1683 2046 extrinsecus
1699 1977 1733 2041 in
1758 1970 1823 2042 sttn
1840 1962 1898 2039 suo
1929 1974 1932 1979 ’

547 2091 756 2255 retinpatltltrf
787 2073 880 2177 quod
904 2074 1043 2178 quidem
1064 2071 1322 2177 intelligendum
1344 2075 1417 2163 est,
1451 2073 1477 2147 st
1505 2100 1626 2175 corpus
1649 2098 1668 2147 a
1690 2070 1791 2145 nullis
1820 2074 1898 2141 viti·

549 2188 609 2259 bus
656 2210 677 2253 o
706 2186 851 2251 iettetur.

1088 2306 1301 2400 CORQLL.
1338 2324 1370 2380 2.

651 2501 734 2570 574.
764 2476 896 2572 Corpus
914 2494 998 2569 ergo
1012 2466 1113 2539 nuliis
1131 2469 1256 2541 viribus
1280 2462 1487 2563 samesium,
1518 2434 1543 2540 ii
1568 2474 1654 2540 circa
1680 2467 1784 2540 talem
1805 2492 1898 2539 axem
1933 2534 1935 2563 Ι

555 2580 697 2652 liberum
715 2594 847 2647 motum
858 2575 1313 2673 gyratoriumquemcunque
1328 2577 1513 2668 acceperit,
1539 2572 1606 2641 hoc
1622 2588 1720 2643 motu
1735 2588 1898 2671 perpetuo
1933 2572 1935 2582 '

549 2678 768 2755 uniformiter
782 2680 899 2777 gyrari
917 2690 1035 2773 perget
1051 2726 1061 2767 ,
1082 2670 1222 2771 perinde
1236 2670 1313 2743 acfi
1333 2677 1399 2744 attis
1415 2666 1494 2744 effet
1509 2668 1604 2748 finus.

1064 2857 1387 2951 senoctou.

657 3032 726 3101 575.
751 3008 805 3075 En
820 3010 923 3105 igitur
938 3002 1040 3074 alium
1053 2996 1168 3075 eastun
1183 3020 1294 3073 motus
1309 3000 1422 3088 liberi,
1448 3008 1483 3074 in
1498 3028 1642 3101 corpora
1659 3000 1767 3105 rigida
1783 3004 1894 3081 caden-

554 3118 594 3183 tis
611 3169 620 3199 ,
647 3117 739 3203 cujus
756 3106 933 3207 explicatio
953 3114 1015 3191 jam
1031 3105 1077 3176 est
1095 3098 1274 3175 manisessa.
1330 3106 1461 3176 Primus
1475 3101 1598 3178 scilicet
1613 3102 1704 3177 casus
1721 3126 1814 3191 etat,
1833 3134 1893 3211 quo

553 3210 698 3285 vidimus
716 3208 778 3281 tale
794 3234 915 3310 corpus
933 3226 1028 3279 tttotn
1045 3200 1254 3303 progreffivo
1279 3201 1383 3277 iibere
1406 3203 1578 3303 proferri,
1604 3226 1638 3277 at
1660 3205 1684 3279 fi
1709 3212 1798 3281 vires
1816 3206 1894 3283 solli·

554 3322 693 3387 citantes
711 3339 769 3411 per
788 3320 856 3407 ejus
874 3330 1029 3383 centrum
1050 3310 1185 3376 inertiae
1203 3302 1387 3395 recrescunt,
1405 3326 1517 3378 motus
1532 3308 1826 3405 perturbationem
1841 3320 1894 3407 jam

557 3414 782 3488 definivimus.
860 3408 990 3483 Deinde
1009 3433 1086 3479 cunt
1111 3402 1323 3479 ossenditsem
1343 3434 1492 3507 corpus,
1516 3417 1568 3481 cui
1580 3415 1666 3481 circa
1683 3436 1781 3483 axem
1798 3412 1893 3489 fixum

556 3510 731 3617 itnpreffus
758 3510 858 3584 suerit
880 3532 991 3582 motus
1015 3513 1234 3609 gyratorius,
1257 3505 1399 3581 eundem
1428 3530 1561 3583 motum
1581 3534 1748 3613 perpetuo
1768 3514 1894 3591 conset·

555 3645 634 3693 vare
651 3674 663 3704 ,
682 3614 763 3687 dum
787 3620 851 3685 axis
874 3612 928 3683 iile
950 3612 1035 3683 sutus
1057 3615 1264 3697 retineatur,
1289 3635 1379 3683 nunc
1402 3610 1538 3685 evidens
1556 3614 1623 3702 est,
1651 3612 1764 3687 startia
1784 3620 1846 3697 isse
1861 3624 1893 3691 in

555 3714 657 3793 fuerit
675 3737 913 3815 comparatus,
939 3733 974 3784 ut
994 3716 1108 3799 vires,
1137 3737 1217 3813 quas
1236 3706 1390 3807 sussinet,
1416 3710 1447 3785 se
1470 3734 1588 3787 mutuo
1613 3712 1807 3817 destruant,
1830 3746 1893 3797 eun

556 3816 674 3920 sponte
690 3824 871 3887 immotum
886 3838 1037 3898 manere,
1061 3839 1250 3912 corpusque
1264 3834 1397 3885 motum
1420 3823 1629 3913 gyratorium
1652 3840 1823 3917 perpetuo
1841 3816 1893 3897 effe

556 3922 841 4005 continuaturtttn,
857 3920 913 4017 qui
929 3934 1108 4015 propterea
1123 3915 1170 3989 est
1183 3910 1275 3985 casus
1292 3934 1402 3987 motus
1423 3916 1537 3991 libetis
1553 3917 1606 3988 ubi
1622 3916 1761 4017 quidem
1774 3906 1893 3997 nullum

559 4024 604 4094 ess
621 4020 758 4092 dubium
772 4074 781 4097 ,
808 4025 888 4117 quin
903 4013 1068 4112 ejusmodi
1084 4022 1185 4089 etiam
1200 4012 1323 4090 detttur
1337 4023 1450 4103 vires,
1473 4044 1558 4115 qaae
1579 4021 1659 4088 dum
1686 4046 1826 4101 motum
1846 4052 1893 4129 gy·

557 4128 720 4194 ratotitutt
737 4118 789 4187 ecl
805 4120 989 4189 accelerant
1007 4116 1062 4190 vel
1076 4114 1255 4205 retardant,
1269 4144 1366 4189 axem
1382 4144 1453 4189 non
1472 4114 1615 4189 afficiant
1634 4176 1646 4214 ,
1682 4127 1727 4193 ita
1744 4146 1780 4197 ttt
1797 4126 1892 4201 adhuc
1933 4124 1937 4137 ’

558 4230 714 4325 inquiete
730 4219 903 4319 perlii'iat,
942 4218 983 4291 de
1008 4247 1077 4319 qno
1100 4218 1256 4317 deinceps
1277 4220 1494 4291 tractabimus.
1544 4224 1632 4292 Ante
1657 4228 1770 4299 onmia
1795 4252 1893 4303 auten

560 4318 689 4402 necesse
707 4323 774 4409 est,
804 4344 838 4394 ut
855 4326 1087 4418 inquiramus,
1113 4348 1154 4390 an
1178 4327 1213 4389 in
1229 4326 1350 4416 quovis
1367 4344 1513 4415 corpore
1535 4323 1613 4396 tales
1628 4350 1703 4398 axes
1717 4336 1893 4427 gvtationit

561 4432 655 4504 liberi
675 4424 820 4510 dentur,
862 4441 895 4494 et
915 4416 1093 4522 quomodo
1108 4426 1131 4491 ii
1151 4418 1215 4492 smt
1232 4418 1482 4523 investigandi?
1523 4410 1802 4531 inquoa'egotio
1820 4430 1893 4507 sum.

1816 4562 1892 4609 1111111
