4092 5134
364 431 419 529 98
539 402 741 495 casus
753 402 825 489 vr.
889 397 968 487 us
983 394 1163 485 nuru
1180 330 1628 493 usssscrrvo',
1702 486 1706 491 .

367 603 503 697 corpori
520 594 655 695 insuper
675 612 790 667 mente
816 590 929 665 saltem
946 592 1094 687 imprimi
1119 582 1258 675 debeat,
1282 580 1405 657 deiude
1430 610 1447 655 a
1468 570 1617 685 qualibus
1632 588 1715 655 viri·

365 700 423 771 bus
442 720 666 796 praetereas,
691 696 808 793 quibus
827 712 901 763 actu
920 710 1078 791 urgetur,
1102 683 1271 759 sollicitari
1288 686 1326 759 stt
1342 683 1611 784 intelligendum,
1635 682 1715 759 usli

365 804 420 872 hic
446 818 556 870 motus
583 818 736 894 tanquam
763 790 929 865 absolutus
955 809 1129 877 tractetur,
1148 808 1181 862 et
1202 816 1261 886 per
1277 786 1438 859 formulas
1459 784 1554 888 supra
1577 784 1729 860 traditas‘

364 906 570 999 exprimatur
584 892 613 985 ,³
633 893 699 995 ipse
724 916 834 967 mutus
858 889 1078 989 respectivus,
1096 897 1152 990 qui
1179 888 1408 976 desideratur,
1443 888 1482 961 fit
1505 886 1715 987 proditurus.

364 1003 514 1077 Evideus
532 1006 620 1072 enim
640 998 684 1069 cll
705 1054 715 1083 ‚
744 994 870 1093 semper
887 1014 952 1063 taur
969 998 1003 1063 iu
1021 1010 1117 1063 motu
1142 991 1268 1080 inlito,
1293 1019 1393 1091 quam
1416 997 1450 1061 in
1475 994 1599 1064 viribus
1622 988 1715 1062 solli·

333 1084 350 1103 ⁵
366 1104 539 1175 citantibus
571 1094 736 1194 ejusmodi
764 1100 984 1169 mutationem
1004 1099 1138 1192 concipi
1163 1090 1282 1192 poffe;
1323 1113 1359 1165 ut
1381 1112 1492 1164 motus
1516 1096 1584 1165 hoc
1605 1088 1715 1165 modo

362 1216 510 1278 'rrurtatus
527 1227 602 1271 cum
620 1196 681 1271 res
674 1203 809 1298 pectivo
823 1225 923 1299 quem
939 1200 1130 1296 quaerimus
1147 1200 1338 1274 conveniat.
1388 1197 1523 1269 Totum
1539 1221 1623 1293 crgo
1645 1196 1717 1267 hoe

365 1309 539 1393 negotium
558 1298 602 1373 du
629 1301 682 1372 lici
697 1306 895 1387 mutatione,
916 1296 1020 1371 altera
1035 1304 1070 1368 in
1088 1316 1183 1368 motu
1199 1295 1317 1383 insito,
1334 1294 1436 1369 altera
1453 1303 1488 1367 in
1504 1299 1629 1368 viribus
1649 1292 1715 1371 sol·
1734 1338 1743 1353 ·

357 1384 566 1477 licitantibus
592 1329 676 1474 licta
702 1398 907 1494 absolvitur,
933 1426 1017 1499 quae
1038 1418 1148 1471 autem
1172 1418 1311 1495 utraque
1336 1418 1448 1470 mcntc
1471 1417 1599 1470 tautum
1624 1396 1716 1471 insli-

367 1514 493 1592 tuitur3
523 1502 612 1577 unde
627 1502 717 1576 nulla
732 1502 908 1575 difficultas
924 1527 963 1572 ex
990 1527 1033 1572 co
1055 1496 1142 1573 nasci
1167 1499 1300 1597 potell,
1326 1497 1612 1599 quemadmodum
1637 1524 1714 1572 cot·

324 1654 328 1666 ·
347 1680 350 1684 ,
366 1607 502 1706 poribus
519 1608 632 1679 Aetli
652 1626 765 1678 motus
779 1604 826 1675 illi
846 1599 1027 1674 secundum
1044 1608 1124 1704 Ap,
1151 1620 1183 1670 et
1197 1605 1260 1703 Bq,
1275 1620 1407 1699 praeter
1424 1629 1480 1675 eos
1492 1620 1614 1689 motus,
1640 1606 1715 1703 qui·

365 1711 424 1780 bus
442 1715 505 1801 jam
522 1703 698 1793 feruntur,
724 1710 873 1807 imprimi
890 1701 1040 1775 debcant.
1094 1696 1220 1773 Sufficit
1234 1708 1327 1774 enim
1340 1696 1528 1795 declarasse,
1547 1706 1633 1775 hanc
1651 1710 1715 1799 itq-

346 1804 564 1911 ''prellloncrn
581 1813 625 1877 ita
641 1800 706 1879 effe
726 1802 978 1907 intelligendam
995 1860 1005 1900 ,
1027 1822 1065 1875 ut
1081 1828 1201 1901 corpus
1216 1808 1244 1874 Λ
1259 1802 1431 1877 celeritate
1453 1810 1512 1881 Aa
1534 1805 1634 1877 latum
1651 1862 1664 1899 ,
1689 1800 1716 1877 st

365 1911 425 2011 ipsi
440 1906 510 1982 insu
536 1935 573 1980 er
588 1906 737 1979 celeritas
754 1912 779 1979 A
786 1930 808 2008 p
823 1909 1013 1991 tribuatur,
1037 1924 1133 1977 motu
1152 1931 1213 2003 per
1240 1901 1451 2006 diagonalem
1472 1913 1537 1984 Aa
1562 1900 1716 2008 expresso

365 1935 533 2111 progredi
542 2006 580 2079 lit
603 2005 833 2084 censendum:
864 2011 955 2078 Haec
979 2003 1104 2077 scilicet
1123 2027 1236 2077 motus
1256 2006 1424 2104 irnprcllio
1444 2006 1498 2083 scu
1523 2017 1635 2110 potius
1660 2004 1717 2079 ad·

365 2110 450 2183 ditio
469 2108 656 2183 conformis
676 2111 721 2182 cll
737 2108 861 2209 regulis
880 2106 976 2207 supra
991 2105 1073 2179 datis
1089 2112 1177 2179 eirca
1198 2104 1442 2182 resolutionem
1463 2130 1574 2183 motus
1599 2117 1635 2181 in
1655 2108 1717 2181 du·

366 2241 405 2285 os
423 2233 532 2284 tresve
550 2210 724 2298 laterales,
757 2237 841 2309 quae
858 2215 957 2280 etiam
975 2232 1090 2281 mente
1116 2214 1246 2281 tantuin
1268 2212 1457 2284 inllituitur.
1522 2211 1618 2285 Talis
1641 2238 1719 2284 rno-

365 2334 417 2387 tus
432 2309 715 2413 impressioetiam
734 2315 778 2381 ita
804 2306 924 2383 referri
950 2306 1064 2395 solet,
1104 2327 1140 2382 ut
1161 2328 1271 2384 totum
1295 2308 1435 2410 spatium
1459 2338 1535 2385 cum
1561 2319 1719 2419 corppri-

364 2416 424 2489 bus
439 2421 474 2486 in
487 2440 529 2487 eo
548 2419 712 2485 contentis
728 2430 824 2501 motu
841 2410 989 2512 quodam
1006 2412 1111 2509 abripi
1126 2418 1347 2511 concipiatur.
1412 2420 1522 2516 Atque
1547 2421 1582 2489 in
1608 2419 1719 2515 priori

364 2513 503 2616 quidem
518 2517 753 2585 Tbeoremate
774 2511 943 2600 vidinms,
966 2512 988 2584 li
1031 2534 1194 2607 auctum,
1218 2523 1310 2605 cujus
1333 2512 1486 2614 respectu
1509 2538 1643 2591 motum
1662 2544 1718 2589 ae·

363 2619 488 2705 {limari
505 2634 683 2712 oporteat.
713 2610 930 2688 uniformiter
943 2620 978 2686 in
996 2540 1161 2687 drerttun
1177 2613 1414 2716 progrediatur
1431 2676 1441 2706 ,
1466 2639 1639 2718 promotu
1662 2646 1717 2692 re·

363 2715 513 2816 spectivo
529 2712 723 2789 definiendo
739 2715 824 2787 nihil
846 2722 882 2789 iri
896 2718 1020 2789 viribus
1047 2711 1297 2791 sollicitantibus
1319 2714 1385 2793 esse
1407 2718 1631 2807 mutandum,
1657 2715 1717 2793 sed

364 2839 493 2892 tantum
510 2837 642 2890 motum
657 2816 792 2889 inlitum
807 2824 852 2891 ita
867 2824 991 2891 mutari
1009 2815 1132 2891 debere
1149 2876 1160 2905 ,
1193 2839 1230 2890 ut
1247 2816 1379 2918 insuper
1403 2828 1616 2921 imprimatur
1636 2847 1716 2897 mo·

366 2939 420 2995 tus
440 2919 584 3024 aequalis
599 2938 632 2992 et
648 2923 837 2992 contrarius
850 2927 882 2990 ei
901 2976 914 3015 ,
940 2946 1010 3020 quo
1027 2936 1189 3017 punctum
1209 2917 1293 2991 illud
1314 2940 1503 3006 moveatur.

828 3072 1176 3144 THEOREMA.
1226 3082 1259 3152 8.

196 3220 344 3328 rigjae.
467 3242 542 3313 250.
570 3222 606 3292 Si
630 3216 828 3317 corpuscula
859 3223 914 3306 A,
951 3221 1000 3315 B,
1023 3221 1078 3305 C,
1119 3188 1306 3323 utcumqud
1322 3244 1524 3299 moveantur
1547 3224 1721 3299 a'viribus

368 3320 618 3422 quibuscunque
643 3318 847 3409 sollicitata,
880 3347 985 3421 eaque
1008 3316 1143 3418 insuper
1174 3317 1356 3397 secundum
1373 3322 1584 3402 'directiones
1609 3326 1721 3427 paral·

368 3421 445 3496 lelas
462 3451 479 3495 a
498 3426 623 3498 viribus
639 3420 787 3525 ipsorum
803 3421 912 3499 mallis
923 3423 1234 3526 proportionalibus
1252 3424 1496 3522 sollicitentur,
1528 3456 1649 3507 eorum
1676 3426 1722 3503 li·

300 3560 303 3569 ·
368 3524 681 3601 tusrelativusnon
705 3526 905 3608 turbabitur,
1723 3518 1730 3531 ‘

777 3677 1306 3757 DEMONSTRATIO.

471 3826 608 3921 fuerint
622 3853 710 3898 nunc
725 3824 923 3926 corpuscula
944 3831 980 3898 iu
1005 3831 1033 3898 A
1053 3886 1064 3913 ,
1086 3834 1136 3919 Β,
1172 3833 1227 3919 C,
1251 3851 1419 3934 quaeram
1445 3834 1490 3905 ob
1510 3852 1643 3907 motum
1666 3842 1720 3907 in·

368 3924 467 3999 fitum
485 3950 585 4027 quam
601 3934 688 4000 vires
711 3923 927 4001 sollicitantes
953 3932 1161 4028 tempuscula
1183 3935 1229 4009 dt
1248 3940 1466 4034 peruenirent
1489 3939 1523 4005 in
1544 3962 1591 4033 a,
1614 3935 1660 4022 b,
1691 3963 1720 4026 r,

369 4027 490 4129 quibus
515 4036 646 4128 punctis
668 4037 734 4125 jam
757 4056 876 4103 eorum
896 4027 975 4105 fitus
998 4033 1157 4109 relativus
1178 4033 1348 4109 delinitur.
1403 4041 1640 4137 concipiamus
1661 4064 1723 4111 au·

367 4147 492 4201 teusea
510 4135 636 4203 interea
658 4152 790 4229 praeter
811 4134 884 4207 illas
905 4139 994 4207 vires
1014 4131 1186 4212 sollicitari
1209 4136 1255 4210 lio
1282 4137 1334 4209 ula
1355 4131 1539 4210 secundum
1560 4145 1723 4213 directio·

367 4256 427 4303 ncs
452 4229 623 4330 parallelas
645 4257 725 4320 aa,
757 4230 811 4310 ὃς
823 4294 832 4321 ,
854 4260 904 4325 cy
925 4262 942 4305 a
966 4238 1120 4327 viribus,
1145 4264 1231 4337 quae
1247 4165 1311 4311 lint
1332 4233 1481 4337 ipsorum
1507 4237 1614 4312 mallis
1638 4269 1722 4340 pro·

367 4331 706 4434 portionales,eaque
721 4341 787 4429 jam
809 4361 879 4407 non
904 4342 940 4405 in
963 4363 1008 4424 a,
1030 4338 1073 4427 l,
1095 4366 1131 4428 r,
1155 4346 1387 4438 reperieunrr,
1407 4338 1463 4415 sed
1478 4351 1514 4416 iu
1538 4364 1581 4430 a,
1607 4355 1632 4435 ς
1645 4402 1654 4431 ,
1679 4376 1720 4444 y,

368 4438 413 4537 ita
430 4452 467 4509 ut
483 4429 722 4544 spatiolsfiau,
742 4432 821 4529 lc,
846 4458 900 4531 cr
919 4432 1034 4531 sutura
1052 4436 1117 4515 lint
1141 4438 1288 4545 interuse
1309 4442 1524 4559 parallelaqet
1551 4448 1722 4547 aequalia:

1619 4571 1725 4654 alque
