4092 5134
220 364 222 369 Ι
297 410 1034 523 aaooaasstvo³·coaaoautt'
1049 429 1382 535 atomorum.
1455 364 1540 550 ιη’

168 642 230 691 mo
251 613 387 720 quidem
404 625 469 713 iram
489 610 808 705 animadvertimus,
830 619 870 692 st
892 606 1032 722 lingulis
1055 629 1207 721 corporis
1233 624 1405 698 elementis
1424 632 1513 700 uires

168 715 320 821 ipsorum
344 714 488 792 tuass'ulis
509 720 779 821 proportionales
796 718 977 795 seeundum
999 721 1140 797 eandem
1162 722 1386 799 directionem
1410 724 1515 800 essent

170 819 375 923 applicatae,
404 848 602 925 compagem
622 829 774 923 corporis
797 823 921 895 nullam
938 824 1035 923 plane
1053 831 1121 896 uim
1142 820 1323 915 stallinere,
1349 825 1404 901 sed
1429 829 1514 931 figu-

170 950 267 1011 ram,
295 922 417 996 etiamst
440 945 548 1024 partes
572 954 590 997 a
611 920 644 997 se
664 930 809 1023 itavicem
835 931 966 1025 penitus
991 921 1094 999 essent
1115 923 1314 1018 dissolutae,
1338 928 1514 1003 conserua-

169 1032 312 1098 tamiri.
364 1025 462 1127 Quis
482 1038 592 1100 autern
608 1033 695 1096 vires
711 1032 801 1097 minc
825 1023 1028 1100 ostendimus
1047 1028 1110 1101 illis
1132 1032 1365 1131 aequivalere,
1391 1030 1425 1105 id
1444 1055 1514 1105 tan-

168 1148 244 1200 tum
261 1132 392 1199 ratione
407 1147 517 1201 rnotus
532 1131 576 1201 esi
591 1126 846 1228 intelligendum
861 1186 871 1217 ‚
901 1148 935 1201 et
949 1149 1113 1229 quatenus
1129 1132 1168 1203 ab
1181 1134 1244 1207 illis
1263 1130 1335 1205 sunt
1355 1131 1515 1221 diversae,

172 1248 304 1302 eatenus
318 1233 418 1302 etiam
435 1230 457 1300 li
484 1255 579 1301 urum
596 1246 723 1301 mutme
745 1227 883 1301 tendent
905 1261 915 1321 3
943 1229 1036 1331 quod
1057 1240 1102 1305 ue'
1124 1241 1282 1321 eveniat,
1315 1262 1516 1339 compagem

169 1326 243 1405 satis
261 1331 395 1404 firmam
415 1256 482 1402 eisd
494 1349 638 1429 oportet.
690 1334 741 1403 Ex
760 1356 829 1433 quo
841 1339 906 1426 jam
918 1328 1129 1432 perspicuum
1146 1336 1203 1423 cll,
1220 1334 1393 1431 jttdicium,
1409 1366 1516 1437 quan·

170 1452 203 1505 ta
228 1437 398 1531 compagis
421 1431 576 1507 firmitate
598 1460 681 1533 opus
703 1431 772 1529 lit,
802 1460 845 1507 eo
864 1433 1007 1529 reduci,
1043 1457 1080 1509 ut
1105 1442 1217 1524 vires,
1251 1440 1369 1540 quibus
1395 1466 1518 1539 eorpus

169 1534 246 1607 adiu
271 1532 492 1631 sollicitatur,
525 1563 601 1609 cum
623 1534 744 1606 viribus
759 1532 820 1609 lllis
844 1534 1126 1634 elementaribus,
1154 1540 1272 1641 quibus
1297 1542 1517 1641 aequivalent,

169 1652 418 1735 comparentur,
432 1645 593 1738 quoniarlt
610 1662 679 1737 quo
695 1642 800 1737 magis
823 1637 862 1708 ab
878 1643 916 1709 iis
941 1634 1068 1711 fuerint
1091 1632 1260 1728 diversae,
1285 1668 1328 1712 eo
1345 1641 1418 1739 plus
1439 1669 1519 1713 con·

160 1736 284 1820 ¹ferent
299 1737 339 1809 ad
355 1728 556 1841 compagem
569 1737 812 1819 destruendam.
877 1740 989 1831 Quare
1013 1768 1083 1841 quo
1105 1740 1227 1821 claritas
1251 1744 1319 1813 ltoe
1340 1768 1519 1843 argumen-

170 1859 245 1913 tum
268 1837 426 1912 evolvere
445 1866 630 1942 queamus,
666 1846 752 1913 uires
770 1838 866 1928 illas,
894 1839 1019 1915 etiamsi
1037 1848 1168 1915 ratione
1183 1854 1296 1915 motus
1316 1842 1519 1943 aequipolle-

170 1960 256 2030 ant,
282 1937 423 2014 sollicite
438 1969 455 2013 a
473 1938 504 2014 se
521 1948 667 2016 invicem
681 1939 836 2047 dillingui
851 1949 1057 2033 conveniet,
1078 1971 1180 2048 quem
1204 1952 1240 2019 ira
1262 1944 1367 2019 linem
1381 1941 1519 2047 sequen·

172 2063 243 2119 tem
258 2041 494 2118 definitionem
510 2053 701 2148 praemitto.

628 2213 974 2290 narratam.
1027 2231 1065 2303 4.

248 2424 251 2431 Ι
274 2344 348 2431 296.
373 2346 465 2414 Vires
485 2342 684 2414 elementares
705 2334 780 2409 sunt
804 2341 919 2425 vires,
946 2334 1179 2437 quaelingulis
1197 2346 1350 2441 corporis
1377 2342 1523 2415 elemen-

173 2445 216 2513 tis
241 2434 378 2524 scorstm
407 2440 587 2541 applicatae
616 2446 652 2512 in
682 2444 721 2512 iis
747 2434 888 2512 eandem
912 2437 1009 2510 slatus
1041 2445 1265 2517 mutationem
1286 2436 1524 2545 producerent,

171 2570 275 2645 quam
294 2540 409 2616 eadem
427 2551 463 2618 in
478 2565 575 2617 motu
589 2547 743 2643 corporis
759 2566 876 2615 revera
894 2536 1045 2613 subeunt.

669 2720 1067 2809 carcerario.

286 2870 366 2940 297.
392 2847 464 2915 Has
483 2848 571 2916 vires
591 2839 809 2915 elementares
834 2837 976 2913 sollicite
998 2839 1154 2943 distingui
1181 2848 1342 2915 convenit
1363 2868 1381 2913 a
1405 2842 1530 2913 uiribus

176 2974 300 3047 corpus
316 2946 388 3018 adiu
404 2941 664 3017 sollicitantibus.
715 2946 804 3016 Cum
827 2946 917 3025 euim
944 2950 1167 3043 cognovimus
1189 2964 1322 3017 motum
1341 2950 1494 3045 corporis
1512 2968 1532 3014 a

175 3052 303 3124 viribus
329 3044 579 3121 sollicitantibus
600 3042 829 3146 produslum,
866 3042 1110 3143 dispiciendum
1133 3047 1206 3135 cll,
1232 3066 1394 3149 quantum
1421 3054 1530 3141 cujus·

174 3160 225 3227 vis
245 3152 402 3227 elementi
418 3148 516 3222 slatus
532 3150 707 3224 turbetur:
735 3168 805 3219 tum
823 3144 947 3247 lingula
964 3146 1129 3219 elementa
1150 3146 1240 3250 quast
1258 3144 1395 3221 seorfim
1412 3148 1530 3221 exilie-

174 3274 252 3331 rent
268 3249 536 3339 confiderentur,
564 3248 728 3351 l'acileque
743 3276 781 3321 ex
799 3246 1073 3343 praecedentibus
1091 3255 1179 3323 vires
1200 3249 1426 3337 definientur,
1445 3275 1530 3349 quae

175 3364 216 3431 iit
247 3355 427 3455 applicatae
451 3348 589 3425 eandem
612 3352 710 3424 slatus
731 3354 951 3449 arcuationem
974 3346 1228 3451 producerent3
1256 3370 1354 3451 atque
1377 3350 1453 3421 illae
1481 3356 1531 3420 vi·

142 3536 147 3541 ,
175 3484 228 3536 res
246 3456 386 3549 ittnslim
404 3449 531 3526 sumtae
552 3450 722 3551 suntme,
745 3478 823 3554 quas
842 3457 876 3523 in
895 3452 1067 3553 pollcrum
1083 3446 1141 3523 sub
1158 3456 1299 3524 nomine
1322 3456 1448 3523 virium
1464 3446 1531 3521 ele·

174 3564 376 3637 trientarium
396 3551 468 3629 stata
488 3550 734 3657 complexurus.
785 3556 837 3626 Ex
856 3548 926 3655 quo
947 3546 1084 3654 quidem
1105 3553 1212 3626 llatim
1229 3551 1348 3653 liquet,
1365 3556 1422 3623 bas
1441 3556 1530 3623 vires

177 3662 397 3749 elementares
414 3652 554 3752 junslim
579 3652 699 3729 saumas
713 3650 779 3729 effe
803 3656 1049 3755 aequivalentes
1072 3658 1197 3727 viribus
1222 3654 1297 3725 adiu
1323 3651 1532 3727 sollicitanti·

172 3766 266 3853 bus,
294 3765 456 3865 quoniam
481 3758 595 3831 ambae
620 3764 654 3830 in
678 3762 952 3857 motu'corporis
977 3756 1117 3829 eandem
1143 3762 1366 3829 mutationem
1388 3762 1532 3857 pariunt.

176 3868 311 3977 Nempe
332 3860 356 3935 li
375 3860 579 3934 elementum
597 3865 773 3959 corporis,
802 3866 893 3951 errius
912 3852 1047 3930 tttassula
1072 3858 1110 3929 lit
1132 3858 1222 3957 dm,
1246 3878 1344 3931 motu
1374 3856 1427 3929 vel
1445 3880 1530 3929 vero
1592 3920 1596 3929 .

177 3964 234 4041 uel
257 3960 406 4038 resoluto
427 3956 611 4033 secundum
632 3958 797 4063 quandam
822 3957 1080 4045 diredlionem,
1114 3964 1166 4031 in·
1195 3986 1235 4031 ua
1258 3957 1467 4059 tempuscula
1486 3958 1534 4031 dt

178 4064 356 4169 spatiolum
370 4064 426 4139 dee
442 4058 633 4150 describat,
658 4066 703 4135 ita
721 4060 952 4159 acceleretur,
972 4080 1007 4133 ut
1032 4054 1144 4131 sumto
1164 3988 1208 4136 dt
1228 4060 1400 4133 conflante
1424 4066 1533 4131 incre·

179 4182 334 4243 mentum
346 4162 477 4273 ¹sptttioli
491 4166 547 4241 dx
563 4162 704 4263 prodeat
718 4164 802 4238 ddx
822 4190 831 4235 ε
858 4180 929 4233 tum
946 4168 996 4235 vis
1014 4156 1195 4236 secundum
1216 4160 1358 4237 eandem
1377 4158 1535 4234 directio·

441 4290 444 4295 ·
560 4260 696 4323 dedx

177 4342 260 4395 nem
280 4340 401 4417 urgeat
418 4324 482 4393 erit
503 4352 543 4389 ·.:
565 4350 703 4459 W.
759 4310 862 4389 Unde
877 4310 902 4389 fi
918 4334 1033 4419 motus
1052 4314 1212 4392 elementi
1234 4314 1418 4391 secundum
1441 4315 1546 4391 binas

180 4456 238 4532 vel
252 4475 365 4530 ternas
380 4450 581 4533 diredlionea
596 4452 697 4530 suerit
712 4450 877 4627 r⁸s⁰¹u{,⁰⁵
894 4513 904 4544 ‚
931 4459 982 4527 vit
998 4452 1211 4527 elementaris
1235 4460 1306 4547 ejus
1322 4454 1439 4527 limum
1456 4472 1534 4547 per·

875 4580 893 4645 3
1463 4568 1535 4623 mr·

173 4709 191 4743 Β
