4092 5134
132 4458 143 4476 ·
243 4516 246 4521 ,
341 4432 601 4529 continuarent,
623 4458 705 4508 mox
723 4426 792 4535 ase¹
803 4432 950 4501 invicem

290 358 399 559 ¹108.
553 474 557 481 -
709 413 910 535 curun
926 412 955 501 1.
1011 410 1091 499 uu
1127 410 1313 501 Moru-

751 602 1259 677 DEMONSTRATIO.

430 712 647 809 concipiatur
664 728 785 805 corpus
802 710 837 775 in
852 707 989 775 minima
1010 700 1176 775 elementa
1195 697 1339 773 divisum
1349 702 1364 788 ⁴,
1393 696 1532 772 et'cnm
1553 696 1604 773 sm
1628 698 1686 771 ula

330 814 482 913 aequales
504 808 689 881 celeritates
714 803 899 878 secundum
921 800 1125 875 directiones
1149 800 1321 901 parallelae
1351 818 1574 903 acceperuut,
1600 724 1687 873 dnm

331 922 366 987 in
385 914 465 986 tlatu
486 908 544 981 suo
560 904 772 1007 perseverare
800 926 989 983 conantur.
1015 904 1115 975 suum
1141 903 1318 976 relativum
1341 909 1431 975 inter
1450 898 1487 991 se
1512 928 1585 975 non
1609 928 1686 975 mu-

331 1034 408 1087 taut.
461 1016 581 1081 Omnia
598 1036 681 1111 ergo
708 1007 805 1080 surml
822 1025 955 1078 motum
975 1002 1071 1077 suum
1088 1002 1305 1079 uniformiter
1324 1010 1358 1076 iu
1383 1001 1549 1077 directum
1565 1000 1685 1103 prose·

331 1122 388 1215 qui
399 1106 547 1213 possunt,
564 1108 633 1182 stne
651 1108 721 1182 ullo
736 1113 972 1208 penetrationis
988 1105 1159 1207 periculo:
1185 1109 1330 1209 hincque
1348 1106 1438 1178 nulla
1454 1101 1607 1177 nascetur
1623 1110 1687 1193 vir,

333 1242 415 1316 quae
432 1222 625 1313 cujusquam
643 1210 798 1284 clementi
824 1209 943 1282 ilatum
965 1213 1143 1282 immutare
1166 1206 1289 1281 tendat.
1335 1207 1472 1309 Singula
1492 1213 1597 1307 igitur
1617 1206 1688 1281 cle·

335 1334 447 1387 menta
463 1311 601 1414 perinde
624 1334 756 1385 morum
779 1308 874 1384 srnnn
900 1310 1164 1399 continuabunt,
1201 1338 1239 1381 ac
1263 1309 1289 1381 si
1309 1336 1328 1381 a
1349 1306 1382 1383 se
1405 1315 1551 1381 invicem
1583 1304 1688 1383 effent

337 1413 467 1503 soluta,
493 1414 653 1515 rurrlloque
664 1441 751 1487 nexu
770 1420 858 1485 inter
876 1408 908 1483 se
926 1414 1158 1484 cohaererent.
1208 1414 1321 1511 Quare
1344 1408 1406 1483 nisi
1430 1429 1588 1485 externae
1609 1436 1687 1483 carr·

339 1514 390 1589 sae
414 1524 571 1588 accedant
596 1572 605 1602 ‚
639 1540 792 1614 corpur,
835 1510 926 1613 quod
954 1510 1057 1585 semel
1081 1518 1252 1611 acceperit
1272 1532 1405 1583 cerotum
1431 1510 1687 1612 progressurum,

339 1622 407 1691 hoe
422 1636 519 1691 motu
533 1635 700 1720 perpetuo
717 1612 936 1689 uniformiter
948 1620 986 1687 in
1004 1610 1173 1689 directum
1193 1610 1356 1717 progredi
1371 1630 1501 1717 perget.

850 1744 1101 1871 conone.
1153 1766 1197 1868 ιζ

436 1942 502 2007 orr.
528 1918 824 2021 Quemadmodum
857 1946 942 2007 ergo
972 1947 1094 2021 corpus
1124 1918 1294 2011 finitum,
1341 1916 1483 1997 liscmcl
1511 1926 1689 2029 quieverit,

337 2015 507 2119 quiescere
530 2030 666 2127 pergit,
690 2030 735 2095 ita
755 2022 778 2096 sr
800 2010 914 2095 semes
925 2042 1058 2095 motum
1077 2022 1322 2125 progrellivum
1340 2032 1525 2123 acceperit,
1542 2028 1687 2101 eundem

337 2142 501 2220 perpetuo
529 2124 713 2199 conservat.
792 2126 914 2226 Sicque
936 2122 1183 2225 perseverantia
1208 2132 1242 2197 in
1271 2124 1393 2199 eodem
1419 2128 1501 2199 llatu
1523 2134 1624 2201 etiam
1648 2122 1689 2199 ad

339 2248 484 2397 corpsora
515 2226 628 2331 finitque
646 2224 899 2328 ¹magnitudinis
929 2244 1022 2327 patet
1051 2282 1064 2315 ,
1111 2224 1300 2303 dummodo
1327 2246 1440 2303 ututur
1457 2224 1575 2330 ‚fuerit
1608 2254 1688 2331 pro·

338 2349 400 2425 gre
426 2350 512 2425 truc.
561 2402 566 2417 ,

849 2414 1099 2534 conone.
1149 2458 1188 2535 'a

444 2646 511 2711 272.
541 2622 625 2718 Quia
658 2618 681 2695 a*
697 2620 956 2697 'continuatione
980 2624 1077 2717 hujus
1101 2622 1199 2695 ssatus
1219 2628 1365 2719 partirun
1396 2626 1551 2722 corporis
1585 2648 1689 2695 nexur

345 2720 470 2793 nnllam
496 2728 562 2793 vim
583 2730 724 2825 patitur,
752 2722 960 2799 conservatio
988 2724 1116 2825 figurae
1141 2724 1382 2795 etiamnullum
1403 2724 1599 2797 sinnitatem
1623 2730 1691 2797 cni·

344 2830 428 2996 gitssj
465 2820 727 2927 respectuergo
748 2826 969 2930 ,talamona
985 2832 1109 2927 ‘omnia
1137 2822 1470 2929 corporanturigida
1489 2822 1694 2903 confidenti

345 2950 392 3027 po
423 2940 488 2997 unc

857 3048 1110 3127 concur.
1161 3072 1190 3144 3.

449 3244 516 3313 ²73·
543 3220 666 3293 inertia
685 3236 767 3319 ergo
783 3214 827 3291 eli
844 3212 963 3304 causa,
989 3212 1082 3316 quod
1097 3221 1212 3289 omnia
1226 3240 1370 3319 corpora
1378 3215 1394 3307 ',
1424 3244 1468 3291 ne
1491 3216 1603 3293 fluidis
1614 3200 1692 3323 ¹qui·

348 3320 426 3395 dem
453 3326 614 3422 exceptis,
634 3346 780 3423 quorum
810 3316 991 3422 particulae
1021 3316 1118 3390 nullo
1143 3316 1280 3391 vinculo
1312 3324 1401 3394 inter
1431 3318 1465 3393 se
1488 3341 1693 3394 connectun-

348 3445 427 3514 tur,
444 3424 496 3497 vel
522 3431 557 3497 in
575 3422 697 3497 eodem
719 3422 803 3497 slatu
828 3424 978 3529 quietis,
1008 3416 1065 3493 vel
1086 3425 1124 3492 iu
1146 3416 1270 3495 eodem
1287 3418 1371 3495 slatu
1400 3438 1516 3495 mutua
1534 3402 1693 3527 progres-

348 3524 409 3604 srvi
441 3522 665 3627 perseverent.
1045 3532 1048 3539 '
1676 3538 1683 3547 “

834 3692 1217 3765 EXPLICATIO.

447 3836 520 3908 274.
543 3820 675 3893 Veritas
691 3820 933 3895 Tlreorematia
950 3822 1017 3891 hoc
1033 3823 1154 3893 nititur
1177 3816 1424 3922 frmdamento',
1451 3818 1544 3926 quod
1567 3818 1618 3896 sm
1645 3820 1697 3895 ule

348 3915 512 3988 elementa
528 3919 770 3997 motumsuum
787 3922 890 3995 libere
911 3917 1070 4023 prosequi
1089 3918 1238 4019 polluat,
1264 3950 1374 4025 neque
1395 3922 1501 3995 ullum
1524 3844 1698 4023 impediat,

350 4024 543 4118 quominus
562 4022 687 4125 reliqna
703 4028 736 4097 in
754 4022 814 4098 suo
830 4024 911 4097 slatu
933 4018 1161 4125 perseverent.
1218 4026 1322 4119 Cujus
1345 4024 1433 4099 ratio
1446 4024 1568 4097 clarius
1588 4032 1698 4125 perci·

344 4126 457 4218 pietur
473 4176 483 4207 ,
508 4118 657 4196 srcasum
675 4126 970 4225 contemplemur,
996 4152 1065 4225 quo
1085 4132 1223 4222 corpori
1239 4130 1338 4195 initio
1353 4146 1466 4198 motus
1480 4124 1618 4227 quidam
1636 4154 1698 4229 gy·

344 4224 491 4291 ratorius
507 4218 611 4294 fuerit
627 4224 824 4326 impressus,
850 4236 894 4299 ita
908 4246 944 4297 ut
959 4224 1020 4297 alia
1038 4226 1203 4297 clementa
1229 4224 1370 4299 celerius
1396 4226 1458 4299 alia
1483 4224 1608 4301 tardina
1622 4256 1699 4302 mo·

344 4328 415 4395 veri
430 4330 644 4421 inceperintr
666 4349 737 4400 tum
761 4334 851 4400 enim
877 4326 900 4397 fi
925 4325 972 4398 lin
998 4324 1051 4395 ula
1073 4324 1237 4398 elementa
1262 4322 1360 4399 surum
1385 4354 1536 4433 quaeque
1560 4349 1699 4405 enorum

972 4353 1270 4529 separarentur-„ae
1288 4426 1555 4535 dissiparentur,
1579 4432 1697 4537 licque
1724 4514 1728 4521 ,

1535 4542 1696 4637 corporis
