4092 5134
329 570 405 655 234
422 494 632 631 'carus
650 518 757 626 utu.
786 586 791 611 .-
811 504 890 623 na
905 488 1026 621 axa
1042 518 1400 617 emanours
1414 518 1613 614 nunno

332 761 385 815 tur
402 746 471 835 ejus
487 739 607 809 mixtus
627 724 723 801 aliam
738 722 819 799 inde
832 726 1056 798 minationem
1068 746 1141 799 non
1154 723 1300 825 patitur,
1327 712 1391 795 nifi
1413 742 1479 823 qua
1492 718 1561 790 axi,
1579 713 1682 795 βω

334 841 395 919 fibi
413 834 608 943 parallelum
626 828 745 905 seruet.

865 974 1087 1057 ,COROLL
1119 994 1147 1051 r.

298 1138 301 1143 .
434 1146 507 1230 ⁶03·
530 1138 598 1208 Hic
615 1158 698 1235 ergo
716 1130 792 1202 211„
808 1130 897 1197 vires
913 1120 1136 1220 contemplari
1150 1146 1220 1195 non
1235 1119 1339 1212 licet,
1360 1102 1423 1199 nili
1445 1148 1530 1229 qnae
1552 1126 1680 1231 relipli

334 1261 452 1317 centro
468 1244 608 1313 inertiae
627 1233 688 1307 smt
710 1230 918 1332 applicatae,
947 1222 1006 1297 uel
1025 1248 1167 1324 quarum
1192 1222 1393 1300 directiones
1417 1232 1630 1331 reperiantur
1647 1236 1682 1307 io

332 1344 435 1446 plano
449 1338 490 1413 ad
511 1364 607 1413 axem
620 1333 768 1410 normali
783 1349 816 1406 ct
831 1355 892 1432 per
911 1346 1067 1401 centrum
1090 1328 1230 1401 irtertiee
1245 1326 1360 1407 duc‘lo.

801 1495 1130 1592 CO,ROL'L.
1189 1516 1219 1569 n.
1305 1574 1312 1593 ‚

436 1638 517 1729 604,
538 1621 743 1723 Hujusmodi
759 1631 861 1726 igitur
877 1622 1002 1696 viribus
1021 1621 1075 1694 vel
1093 1640 1205 1696 motus
1223 1619 1612 1723 progrell'rvusafficitur‚
1629 1626 1685 1701 vel

337 1738 551 1834 gyratorius‚
579 1726 632 1801 vel
652 1748 818 1828 uterque,
853 1723 909 1798 sed
932 1744 1046 1797 tamen
1069 1729 1140 1814 ita,
1163 1742 1201 1797 ut
1224 1729 1291 1797 axis
1315 1730 1501 1827 gyrationis
1518 1726 1694 1831 perpetuo,

337 1834 436 1911 titum
451 1834 508 1910 srbi
526 1812 723 1936 parallelum
738 1826 776 1902 fit
797 1824 1064 1915 conservaturus.

848 1992 1174 2070 scrtotrott.

300 2108 308 2121 ⁸
441 2130 517 2218 605.
541 2128 595 2199 En
612 2151 695 2229 ergo
710 2130 798 2198 vires
816 2182 827 2221 ,
850 2121 891 2196 ad
906 2147 985 2224 quas
1000 2120 1111 2194 nollra
1126 2114 1444 2219 praesens'tratlatio
1458 2118 1683 2227 adstringitur,

363 2254 481 2299 uarum
496 2220 653 2300 effeilurn
668 2235 702 2299 in
718 2250 815 2299 motu
828 2228 982 2324 corporis
1001 2230 1111 2295 mixto
1131 2221 1295 2294 mutando
1317 2248 1359 2295 ex
1383 2228 1694 2329 principiiessedbuc·

338 2256 487 2403 babilitis
512 2326 654 2401 definire
683 2328 819 2402 licebit:
868 2324 911 2399 de
931 2324 1003 2397 aliis
1027 2342 1139 2397 autem
1159 2324 1285 2396 uiribus
1308 2326 1493 2425 quibuscun
1519 2356 1589 2419 ue,
1628 2328 1685 2405 niti
1722 2322 1725 2339 ²

338 2427 430 2504 forte
451 2457 511 2531 per
535 2430 813 2533 aequivalentiam
835 2425 876 2500 ad
899 2426 978 2501 tales
1004 2424 1120 2500 reduci
1139 2442 1294 2527 queant,
1324 2445 1456 2501 certum
1479 2356 1553 2527 eb,
1583 2433 1626 2507 ab
1648 2434 1684 2507 iis

337 2558 433 2604 axem
460 2538 644 2634 gyrationis
668 2530 709 2604 de
734 2528 796 2603 litu
817 2526 877 2602 suo
896 2528 1092 2618 deturbari,
1128 2546 1327 2627 motumque
1346 2526 1392 2600 ad
1405 2530 1494 2603 aliud
1505 2554 1684 2634 genustrs·

335 2632 441 2721 duci,
463 2633 555 2735 quod
572 2641 755 2706 etiamnum
778 2632 937 2706 evolvere
954 2628 1207 2703 nonmalemus.
1258 2632 1458 2724 Cuiusmodi
1475 2654 1589 2707 autem
1608 2630 1682 2711 effe·

333 2736 427 2808 ilum
440 2741 527 2807 uires
548 2732 720 2838 allignatae
740 2735 950 2835 producant,
991 2733 1094 2805 tribus
1115 2729 1376 2831 problematibus
1401 2738 1682 2839 investigabimus,

359 2862 481 2908 uorum
503 2844 615 2936 primo
632 2844 666 2909 in
690 2831 848 2909 effectum
876 2860 993 2908 earum
1016 2840 1139 2906 virium
1163 2836 1402 2935 inquiremus,
1433 2864 1577 2939 quarum
1602 2838 1685 2915 dire·

334 2864 462 3010 itiones
476 2964 538 3035 pec
554 2935 660 3036 ipsum
678 2961 831 3011 centrum
849 2941 989 3010 inertiae
1012 2939 1167 3036 corporis
1191 2930 1388 3013 transeunt:
1414 2944 1450 3010 in
1472 2936 1625 3017 secundo
1644 2942 1686 3015 al·

336 3060 442 3112 teram
456 3042 581 3111 virium
602 3036 743 3137 speciem
763 3037 1092 3139 contemplabiums,
1120 3059 1262 3135 quarum
1287 3034 1488 3113 directiones
1510 3040 1594 3117 litae
1618 3042 1685 3121 sunt

335 3148 371 3213 in
388 3141 498 3239 plano,
539 3136 609 3237 trod
622 3139 663 3213 ad
677 3169 771 3215 axem
789 3146 823 3212 in
841 3138 913 3239 ipso
936 3156 1056 3210 centro
1078 3142 1220 3210 inertiae
1243 3137 1290 3209 ell
1307 3138 1474 3221 normale.
1532 3149 1574 3217 ln
1590 3152 1686 3234 tertio

337 3240 483 3343 denique
498 3167 686 3316 ellectum
709 3242 830 3319 viribus
854 3246 1025 3341 utriusque
1048 3234 1195 3338 speciei,
1220 3237 1318 3312 sunul
1345 3237 1600 3320 sollicitantibus
1625 3238 1686 3323 ori·

338 3342 467 3417 undum
483 3342 727 3447 intelligemus.
778 3346 944 3442 Perpetuo
959 3361 1071 3413 atttem
1091 3347 1229 3441 corpori
1246 3343 1344 3417 initio
1364 3344 1529 3439 ejusmodi
1552 3371 1688 3425 motum

338 3450 481 3619 qnixttun
500 3451 648 3545 imprimi
676 3442 899 3535 all'umimus,
937 3460 974 3514 ut
1003 3450 1193 3545 gyratorius
1216 3442 1380 3543 fiatucirca
1405 3472 1503 3521 axem
1523 3456 1687 3559 principa·

354 3574 408 3621 em
432 3572 597 3648 corpora.

746 3694 1174 3793 ancarana
1230 3716 1280 3786 n

440 3850 520 3923 ⁶06.
547 3848 580 3919 Si
605 3850 742 3945 corpori
771 3846 884 3950 rigido
906 3854 1005 3922 initio
1028 3838 1203 3946 impressus
1233 3840 1336 3918 fuerit
1359 3864 1472 3922 motus
1497 3859 1687 3963 quicunqne

339 3953 464 4023 mixtus
480 3973 519 4019 ex
537 3940 747 4048 progrellivo
763 3974 797 4022 et
811 3958 988 4053 gyratorio
1012 3954 1102 4021 eirca
1124 3972 1219 4035 axem
1242 3948 1460 4045 principalem
1478 3968 1491 4037 ,'
1513 3954 1622 4059 idque
1636 3962 1686 4037 de.

339 4056 453 4149 inceps
470 4046 665 4121 sollicitetur
683 4077 700 4122 a
716 4053 841 4125 viribus
860 4054 1138 4154 quibuscunque,
1164 4072 1306 4149 quarum
1322 4049 1431 4119 media
1448 4047 1596 4133 dirct'lio
1611 4090 1685 4137 con·

340 4150 462 4225 llanter
476 4175 536 4252 per
550 4153 617 4244 ejus
635 4170 786 4227 centrum
803 4158 943 4229 inertiae
959 4148 1121 4240 transeat,
1137 4147 1362 4224 determinare
1376 4161 1530 4255 corporis
1546 4186 1684 4239 motum

871 4321 1161 4397 SOLUTIO.
1722 4336 1727 4389 t

439 4452 534 4564 Quia
549 4450 671 4521 uirium
690 4442 940 4521 sollicitantium
967 4444 1077 4521 media
1099 4444 1241 4522 direilio
1267 4466 1432 4544 perpetuo
1449 4474 1511 4546 per
1524 4460 1599 4548 ejus
1614 4480 1682 4528 cen·
1721 4502 1727 4527 ,

341 4577 429 4633 trum
443 4558 581 4631 inertiae
599 4548 739 4651 tranfit,
765 4568 879 4627 motus
895 4554 1087 4653 gyratorlus
1103 4548 1231 4625 nullam
1246 4543 1323 4619 inde
1338 4556 1564 4629 mutationem
1586 4564 1681 4657 petie
1723 4534 1727 4575 ¹

1625 4680 1680 4733 turs
