4092 5134
803 308 1269 443 enarrarre„
1332 418 1337 433 ,

329 558 457 634 venta
471 562 600 630 erant.
656 542 780 656 Quae
794 562 937 631 autem
951 541 1072 662 supra
1092 547 1172 636 vix
1194 547 1339 660 attingi
1360 568 1572 666 poterant,
1600 586 1699 655 cum

328 717 482 808 corpus
503 687 664 810 insuper
677 723 703 781 a
718 696 876 788 viribus
893 701 1210 815 quibuscunque
1235 688 1488 809 sollicitatur,
1523 701 1589 794 hic
1607 689 1701 824 pari
1729 768 1734 778 .

326 840 524 929 facilitate
540 840 773 959 eodemque
787 843 929 934 labore
944 846 1119 934 feliciter
1144 839 1442 958 expediuntur,
1479 853 1537 939 ita
1553 875 1601 942 ut
1619 857 1717 967 han¹

327 1019 440 1080 nova
453 989 650 1078 methodo
667 995 853 1108 aprimis
869 1015 1009 1082 motus
1026 992 1235 1109 principiis
1256 988 1443 1081 derivata
1466 1004 1698 1099 universam
1732 984 1735 1001 Ι

327 1136 680 1226 theoriammotus
695 1142 921 1255 corporum
934 1139 1163 1258 rigidorum
1175 1138 1357 1255 persedle
1372 1126 1592 1238 condidisse
1601 1181 1698 1240 cen·
1723 1168 1736 1181 “

324 1281 470 1373 sendus
487 1286 534 1371 fit
551 1315 658 1375 cnr..
675 1313 896 1379 avcron.
959 1287 1158 1394 Accedit,
1186 1286 1300 1403 quod
1314 1288 1512 1406 ipsahaec
1529 1303 1700 1393 nova&
1733 1368 1740 1373 -
1828 1274 1833 1287 ⁸

326 1432 566 1522 universalis
582 1434 700 1547 hujus
716 1437 983 1559 problematis
1011 1432 1157 1524 solutio
1178 1434 1472 1554 somnularum,
1508 1438 1617 1561 qu'ae
1636 1448 1698 1537 su·
1800 1410 1809 1533 .-

297 1702 300 1707 g
326 1582 689 1696 periorimethodo
706 1582 1019 1702 quodammodo
1033 1581 1326 1691 donantem
1340 1617 1426 1676 non
1436 1558 1597 1707 prorsus
1611 1601 1698 1687 evi-

327 1730 462 1842 denti,
498 1735 752 1844 nitebantur,
802 1738 1024 1826 veritatem
1060 1731 1281 1850 plenissime
1318 1734 1558 1850 confirmet,
1600 1770 1713 1863 cum·
1832 1822 1840 1832 ,

323 1913 472 1974 omnes
487 1885 584 1972 istae
594 1881 800 1972 formulae
811 1885 900 1997 jam
913 1913 972 1971 ex
997 1879 1213 1979 universali
1231 1878 1436 1972 solutione
1458 1888 1700 2003 corollarioe
1711 1866 1743 1925 '⁴
1839 1914 1845 1935 ¹

286 2082 288 2085 ·
325 2060 422 2123 rum
436 2034 567 2130 ,instar
586 2029 700 2119 nullo
719 2033 888 2146 negotio
919 2029 1183 2119 deriventur„
1256 2024 1368 2116 Cum
1390 2033 1570 2153 denique
1588 2040 1700 2130 ‘haec

325 2192 548 2300 praecepta
562 2209 640 2299 pro
662 2160 787 2268 motu
807 2204 1034 2297 corporum
1054 2164 1285 2289 rigidorum
1303 2175 1622 2289 determinando,
1640 2159 1711 2304 la-,¹

325 2328 471 2418 tiffime
494 2349 683 2447 pateant,
725 2358 776 2416 ea
795 2359 881 2417 non
903 2326 1142 2416 admotum
1156 2317 1341 2435 ‚liberum
1359 2323 1697 2426 solum'adstricta

325 2479 426 2570 sunt.
483 2480 879 2595 Quomodocunque
908 2477 1021 2562 enim
1058 2498 1284 2591 corporum
1306 2475 1537 2597 rigidorum
1556 2462 1710 2577 motus
1791 2564 1795 2571 .

330 2629 622 2748 compescitur,
649 2633 733 2718 five
747 2629 865 2744 super
879 2627 1005 2742 plano
1019 2619 1224 2734 quodam,
1253 2619 1336 2708 live
1352 2623 1475 2733 juxta
1498 2626 1578 2714 alia
1606 2652 1713 2737 cor-n

330 2809 438 2899 pora
450 2777 643 2867 incedere
656 2793 878 2889 cogantur,
912 2771 997 2858 five
1019 2763 1248 2881 quodpiam
1272 2791 1419 2896 eorum
1438 2773 1639 2895 punctm
1653 2779 1702 2868 fi.
1820 2898 1823 2903 Ι

330 2957 440 3019 xum
453 2930 691 3039 retineatur,
719 2921 903 3043 quaestio
919 2917 1080 3032 semper
1092 2908 1305 3001 adtradita
1319 2938 1544 3036 praecepta
1555 2923 1704 3015 reduci

330 3064 476 3197 potest.

294 3272 299 3279 ·
422 3225 503 3314 nd
517 3228 734 3345 utriusque
748 3227 873 3343 igitur
887 3215 1051 3338 generis
1065 3235 1229 3324 motus,
1256 3232 1346 3301 tam
1368 3215 1540 3330 liberos,
1573 3245 1710 3333 quam·

331 3376 536 3466 restrislos
549 3378 593 3463 in
606 3372 866 3493 sequentibus
883 3365 1099 3483 Capitibus
1113 3366 1167 3453 ab
1182 3390 1423 3455 Avcronn
1440 3369 1579 3457 nostro
1592 3367 1701 3458 sada

331 3526 389 3615 est
402 3525 635 3644 applicatio.
693 3514 938 3612 Gravilbma
963 3514 1054 3625 ejus
1077 3515 1239 3628 generis
1262 3519 1469 3630 quaestio,
1505 3546 1589 3636 qua
1610 3548 1704 3631 cor·

332 3704 412 3793 pus
420 3660 1061 3786 motulibero,tamprogress1v0,
1078 3685 1206 3772 quam
1215 3668 1440 3779 gyratorio,
1448 3671 1560 3756 circa
1573 3682 1702 3759 axem
1749 3690 1764 3699 “·

331 3818 575 3912 variabilem
588 3816 720 3906 latum
736 3816 925 3908 aviribus
941 3816 1127 3901 externis
1141 3811 1387 3927 sollicitatur,
1413 3820 1524 3904 circa
1539 3836 1713 3929 motum¹

329 3971 543 4083 vertiginis
559 3994 784 4084 corporum
801 3961 1041 4052 coelestium
1064 3959 1259 4052 versatur.
1315 3963 1426 4053 Eam
1447 3967 1503 4053 ob
1525 3964 1705 4055 caussam

334 4118 417 4204 hoc
434 4134 726 4231 argumentum
745 4116 789 4200 in
806 4112 910 4228 Cap.
931 4109 1063 4225 XVL¹
1079 4115 1308 4231 generatim
1331 4117 1395 4201 ita
1413 4111 1705 4232 pertratlatur,
1746 4128 1749 4133 ’
1779 4167 1786 4181 ·

304 4342 306 4347 .
336 4265 449 4357 utin
463 4261 780 4357 Allronomiam'
792 4259 888 4353 inde
908 4258 1020 4359 haud
1043 4261 1348 4363 contemnenda
1366 4266 1620 4369 incrementa
1641 4288 1710 4345 re-

972 4413 1001 4503 d
1155 4494 1160 4504 .
1337 4422 1340 4427 ’
1502 4405 1705 4515 dundentj
1851 4414 1854 4421 ’
