4092 5134
936 356 942 368 ·
970 306 1395 409 PRAEFATIO:

502 571 587 634 non
603 537 675 632 nili
688 541 834 647 unico,
870 531 1118 645 aequatione
1138 505 1240 621 dr:
1253 533 1423 649 aprinis
1433 532 1746 653 comprehenso,
1775 510 1866 623 uta·

499 685 569 780 tur
586 695 630 778 in
651 689 729 776 hoc
753 687 943 773 demota
962 708 1188 797 corporum
1214 682 1442 797 rigidorurn
1462 684 1659 799 trasiatu,
1695 674 1866 777 admisso

409 938 415 947 ⁸
500 840 616 932 fintul
630 838 710 924 hoc
724 834 915 944 artificio,
946 853 993 917 ut
1009 852 1149 918 motus
1162 830 1384 955 secundum
1399 826 1516 923 datas
1538 836 1782 928 diresliones
1804 844 1872 926 re·'

499 991 699 1099 solvatur,
727 979 782 1071 ad
807 981 1060 1094 easdemque
1080 978 1322 1070 diresiiones
1346 980 1536 1071 resolutio
1555 989 1708 1075 virium
1727 962 1877 1081 sollici:

499 1142 679 1230 tantimn
690 1135 931 1240 instituatur,
951 1131 1024 1217 ubi
1040 1133 1221 1246 cognitio
1237 1130 1496 1221 celeritaturn
1509 1133 1740 1231 lateralium
1748 1141 1866 1237 srmul
1921 1208 1924 1215 .

499 1304 642 1381 inatus
665 1285 933 1375 direslionem
959 1300 1085 1398 atque
1117 1282 1388 1375 inflexionem
1431 1293 1474 1375 iu
1503 1283 1541 1380 se
1567 1291 1865 1410 eompleffltur,

348 1552 350 1559 Ι
498 1437 724 1532 Methodus
750 1434 851 1522 baec
871 1437 1013 1521 nititur
1033 1461 1152 1520 more
1172 1436 1216 1520 in
1237 1432 1480 1561 Geometria
1504 1439 1650 1529 usitato
1672 1468 1865 1541 naturam

499 1587 704 1689 linearum
720 1582 945 1677 curvarum
959 1611 1033 1700 per
1050 1587 1166 1675 binas
1182 1586 1251 1676 vel
1275 1607 1413 1675 ternas
1436 1591 1700 1694 coordinatus
1722 1604 1864 1715 expri.

497 1737 651 1827 mendi.
707 1734 1277 1830 VerumcuminGeometria
1291 1739 1417 1827 etiam
1432 1734 1548 1857 saepe
1563 1739 1695 1831 lineae
1712 1777 1867 1838 curvae

422 1906 426 1919 '
498 1888 552 1982 ad
565 1887 764 2009 punslurn
773 1885 940 2004 aliquod
954 1886 1090 1974 fixum
1104 1885 1339 1973 reseruntur
1352 1890 1529 2007 nopsrne
1545 1898 1711 2009 egregio
1719 1891 1868 2017 calculi

496 2035 768 2155 ‘compendi03
782 2035 931 2125 eodem
949 2064 1116 2153 quoque
1130 2034 1259 2124 modo
1267 2056 1408 2141 motus
1420 2040 1605 2128 evolutio
1619 2048 1866 2163 explicatur,

495 2189 623 2306 idque
636 2216 722 2277 non
731 2184 886 2299 solum,
916 2218 1015 2276 cum
1028 2209 1169 2275 motus
1183 2190 1225 2272 in
1240 2168 1390 2273 eodem
1405 2185 1626 2278 absolvitur
1639 2192 1775 2309 plano,
1798 2163 1874 2289 sed·
1921 2186 1928 2191 ⁵

496 2342 645 2450 etiam,
659 2337 704 2425 'fi
718 2333 872 2425 mobile
887 2359 1010 2426 extra
1025 2335 1197 2455 planum
1214 2358 1403 2455 vagatur.
1458 2332 1557 2425 Hoc
1576 2342 1708 2429 modo
1726 2347 1787 2433 uti
1806 2344 1867 2437 so·

361 2460 378 2575 s
495 2484 583 2577 lent
602 2487 861 2598 Astronomi,
907 2487 1010 2578 dum
1044 2508 1185 2576 motus
1208 2487 1470 2606 planetarum
1490 2485 1671 2605 respeslu
1688 2476 1864 2609 alicujue

484 2608 635 2755 ¹punili
643 2666 718 2755 per
735 2604 910 2750 angulos
924 2640 1036 2725 circa
1049 2637 1092 2724 id
1108 2634 1328 2753 descriptos
1344 2631 1633 2752 distantiasque
1647 2642 1700 2727 ab
1715 2645 1868 2743 eodem
1915 2714 1917 2719 -

486 2786 706 2897 definiunt,
735 2787 1003 2881 ubisrmotus
1017 2821 1104 2879 non
1119 2784 1410 2875 sra'tineodem
1422 2783 1561 2900 plano,
1590 2788 1749 2909 insuper
1764 2796 1865 2888 line-
1915 2862 1919 2869 .

493 2966 566 3027 am
589 2935 799 3023 nodorum
823 2917 921 3029 curn
943 2939 1209 3028 inclinatione
1233 2937 1391 3057 orbitae
1418 2931 1472 3018 ad
1503 2956 1665 3025 certum
1692 2942 1864 3058 planuni
1919 3042 1925 3051 ,

490 3088 839 3207 contemplantur.
896 3088 1042 3201 Quare
1058 3119 1158 3178 curn
1170 3088 1253 3175 boc
1268 3111 1437 3203 quoque
1461 3085 1504 3171 in
1525 3088 1731 3200 prioribus
1751 3073 1888 3188 libris‘

449 3354 451 3359 Ι
493 3238 713 3333 defiderari
727 3247 854 3362 possit,
884 3240 998 3357 quod
1013 3269 1064 3327 ea
1081 3236 1316 3345 methodus,
1350 3264 1434 3350 qua
1450 3266 1560 3323 nunc
1581 3238 1751 3355 quidem
1774 3277 1867 3336 cor·

491 3410 644 3510 porum
665 3394 903 3482 coelestium
928 3410 1070 3479 motus
1093 3391 1147 3477 ad
1177 3384 1385 3476 calculum
1409 3392 1599 3475 revocari
1623 3387 1768 3503 solent,
1807 3399 1865 3486 ibi
1925 3444 1927 3449 ·

491 3516 577 3636 obn
594 3545 642 3634 lit
656 3545 863 3657 exposita,
899 3570 950 3626 ea
965 3543 1008 3625 in
1021 3540 1103 3627 hoc
1123 3568 1250 3658 opere
1273 3538 1507 3625 accuratius
1531 3537 1742 3654 explicata
1763 3541 1867 3661 legi·

493 3718 573 3787 tur.
630 3694 763 3812 Quod
793 3697 972 3809 denique
1000 3691 1159 3779 adtinet
1180 3684 1450 3795 admodum,
1485 3690 1754 3801 aequationes
1775 3724 1872 3783 mo·

490 3859 584 3935 tum
599 3873 824 3962 corporum
842 3843 1085 3931 definientes
1105 3839 1158 3926 ad
1177 3833 1385 3927 mensuras
1400 3832 1601 3925 absolutas
1624 3842 1868 3959 revocandi,

491 3996 558 4084 bic
583 4024 751 4112 quoque
783 3992 1070 4087 commodiore
1090 3987 1186 4078 usus¹
1203 3988 1261 4075 est
1283 4016 1390 4075 cua.
1405 4014 1637 4098 Avcaon,
1672 4017 1801 4105 quam
1822 3996 1868 4081 in

230 4130 234 4139 ¹
382 4193 394 4223 x
491 4144 835 4266 ‘praecedentibus
846 4145 973 4253 libris,
987 4146 1060 4233 ubi
1071 4139 1240 4259 quidem
1255 4135 1484 4226 celeritates
1492 4167 1567 4255 per
1576 4137 1756 4228 radicem
1767 4171 1870 4259 qua·

490 4294 658 4421 firm
676 4322 736 4391 ex
753 4295 1061 4421 altitudinibus,
1087 4315 1286 4413 perquas
1297 4313 1427 4403 grave
1445 4291 1635 4382 cadendo
1653 4276 1782 4413 pares¹
1796 4322 1865 4380 ac·
1923 4398 1926 4403 Ι

789 4460 814 4503 ·’
1105 4456 1109 4463 ’
1378 4470 1382 4477 “
1683 4446 1869 4562 quireret
