4092 5134
226 513 232 528 ,
324 462 380 547 51
755 431 1207 522 casurus-

326 651 425 720 nent,
441 627 687 703 ¹inSt'atica'vel
703 633 887 724 Dynamica
906 627 1157 718 andariscus,
1184 629 1239 701 ubi
1266 654 1380 707 earum
1400 625 1573 717 mensura,
1606 651 1674 728 qua
1704 616 1716 633 ’

326 736 407 806 aliae
422 734 492 806 aliis
511 759 582 804 non
598 727 708 803 solum
723 729 797 805 sunt
812 733 865 805 vel
883 742 1026 830 majores
1037 732 1092 805 vel
1107 738 1274 819 minores,
1303 727 1359 803 scd
1379 735 1479 802 etiam
1495 728 1604 802 datam
1620 737 1673 800 in·

327 857 381 908 ter
397 833 430 907 se
445 835 611 906 rationem
622 833 744 905 habere
758 832 933 912 docentur.
981 823 1190 906 Referendae
1205 829 1328 906 scilicet
1345 828 1420 904 suan
1436 838 1524 904 vires
1548 829 1589 903 ad
1613 857 1672 933 ge·

324 964 387 1009 nus
403 939 640 1035 quantitatum,
673 962 750 1009 ¹cum
780 942 911 1009 ratione
941 942 1130 1035 quantitatis
1148 940 1236 1006 iuter
1255 929 1286 1005 se
1323 940 1511 1030 comparari
1534 931 1685 1032 poliunt

320 1059 418 1138 atque
450 1061 490 1107 cx
512 1038 633 1106 Statica
654 1035 889 1138 intelligimus,
942 1035 1078 1142 quando
1113 1035 1196 1109 duae
1231 1042 1318 1107 vires
1363 1040 1465 1106 inter·
1488 1029 1520 1106 se
1557 1061 1676 1137 acqua-

322 1141 385 1225 les,
410 1134 467 1208 vel
482 1131 662 1208 secundum
682 1135 789 1211 datarn
808 1147 973 1212 rationem
988 1137 1179 1241 inaequales
1195 1133 1259 1235 lint
1275 1132 1467 1208 censendae.
1519 1139 1598 1231 Quo
1615 1142 1680 1238 igi·
1731 1194 1735 1201 .

323 1260 376 1315 tur
407 1236 535 1309 facilius
566 1264 681 1312 earum
705 1236 863 1337 effectum
892 1248 928 1313 in
953 1239 1037 1313 ssatu
1060 1264 1247 1341 corporum
1271 1234 1431 1311 uurtando
1451 1237 1681 1336 exploremus,

323 1367 395 1413 non
413 1335 520 1411 solum
536 1367 553 1410 a
571 1345 774 1441 corpusculis
792 1343 922 1431 infinite
937 1349 1059 1443 parvis,
1086 1347 1122 1413 in
1139 1367 1224 1441 quae
1240 1359 1356 1439 agant,
1384 1337 1532 1411 exordiri
1552 1366 1678 1415 conve-

323 1447 412 1528 niet,
439 1440 714 1542 quandoquidem
737 1448 818 1516 hinc
843 1450 945 1517 etiam
968 1464 1039 1516 tota
1062 1462 1173 1515 motus
1197 1443 1352 1513 tractatio
1379 1443 1423 1513 en
1448 1439 1568 1517 dueta:
1619 1434 1682 1517 se'd

323 1547 427 1614 etiarn
451 1541 620 1614 astionem
646 1565 776 1617 tantum
810 1563 1084 1629 momentaneam
1116 1550 1242 1615 virium
1275 1539 1525 1639 scrutabimur,
1566 1548 1611 1615 ita
1640 1560 1682 1615 nt

206 1693 210 1700 -
322 1661 484 1745 quantum
499 1642 633 1743 lingulis
650 1652 811 1746 temporis
828 1636 1002 1723 elementis
1023 1644 1188 1733 efficiant,
1212 1643 1311 1716 sunus
1325 1643 1570 1744 investigatuti,
1591 1672 1680 1747 quo·

323 1752 415 1818 niam
430 1743 505 1817 ficri
522 1741 651 1845 poll'ct‘,
671 1767 706 1819 nt
726 1743 870 1820 successu
886 1755 1047 1847 temporis
1063 1752 1227 1847 quantitas
1246 1751 1371 1817 virium
1389 1765 1585 1822 mutaretur.
1636 1750 1683 1819 At

325 1874 402 1918 cunr
419 1852 583 1944 principia
599 1849 677 1918 hinc
695 1875 759 1947 pro
782 1850 988 1948 corpusculis
1015 1849 1144 1921 infinite
1167 1853 1278 1947 parvis
1303 1864 1336 1917 et
1356 1872 1421 1945 pro
1442 1854 1603 1947 temporis
1628 1853 1681 1920 in·

220 2008 222 2013 .
280 1999 282 2005 -
326 1946 467 2019 teruallo
490 1946 623 2018 infinite
647 1975 753 2047 parvo
773 1946 900 2022 suerint
927 1950 1083 2038 stabilita,
1112 1946 1201 2021 haud
1218 1943 1357 2020 difficile
1375 1953 1440 2020 erit
1455 1974 1515 2049 per
1534 1935 1701 2052 integra-⁸

222 2066 225 2071 '
325 2052 435 2121 tiones
453 2042 618 2119 admotus
634 2077 817 2155 corporum
834 2078 896 2151 per
908 2053 1044 2153 finitum
1062 2056 1194 2151 tempus
1208 2067 1353 2123 mutatos
1370 2048 1543 2151 progredi.

808 2194 1178 2295 nasturtium

418 2322 501 2440 139.
523 2347 658 2441 Effedim
673 2346 886 2451 alicujusve,
914 2364 951 2430 in
963 2356 1048 2432 ,dato
1067 2357 1241 2461 corpuscula
1259 2355 1336 2432 dato
1359 2357 1544 2459 tempuscula
1564 2340 1684 2457 paedu-

328 2448 412 2536 8us,
439 2466 580 2518 vocatur
595 2447 630 2520 id
646 2447 840 2553 spatiolum,
860 2482 919 2554 per
935 2453 1029 2553 quod
1044 2457 1099 2531 uel
1123 2455 1359 2553 corpusculum
1384 2451 1554 2556 quiescens
1575 2476 1684 2529 trans-

327 2548 460 2645 fertur,
487 2547 540 2618 uel
555 2547 580 2619 fi
595 2571 792 2652 moveatur,
818 2555 902 2628 ultra
917 2554 952 2630 id
966 2555 1125 2661 spatium,
1153 2555 1248 2658 quod
1264 2557 1309 2629 ob
1326 2563 1485 2631 inertiam
1508 2554 1684 2661 effet'per·

328 2646 755 2755 cursurum,.propellitur.

839 2816 1096 2893 COROLL
1150 2836 1218 2885 a.

429 2979 501 3040 140.
526 2956 621 3027 Haec
651 2983 735 3056 crgo
765 2953 905 3031 effedlus
930 2959 1171 3034 determinatio
1194 2988 1265 3034 aon
1281 2959 1340 3035 'est
1362 2958 1512 3034 absoluta
1520 2963 1544 3048 ,⁴⁸
1563 2954 1620 3033 sed
1642 2958 1687 3033 ad

331 3075 460 3133 ccrttun
473 3064 595 3152 corpus
615 3078 812 3158 certumque
829 3081 959 3158 tempus
976 3060 1317 3170 adstrida,mqnorum
1342 3085 1522 3163 utrumque
1544 3084 1581 3133 ut
1605 3063 1686 3133 infi-

332 3166 401 3230 nite
419 3183 559 3331 plqrvum
576 3153 759 3256 spetlum,
787 3183 824 3233 ut
842 3165 910 3234 hoe
926 3161 1035 3239 modo
1050 3172 1166 3263 onmis·
1179 3165 1376 3237 variabilitas
1393 3164 1525 3247 aliunde
1540 3157 1687 3237 access‘n·

333 3289 370 3335 ra
394 3281 429 3332 to
457 3279 540 3331 atur.
1341 3285 1350 3297 ·

845 3419 1092 3493 eonon.
1140 3444 1167 3492 a.

444 3589 508 3656 141.
537 3566 571 3634 Si
594 3569 696 3663 igitur
721 3563 828 3661 polito
853 3566 1057 3666 corpusculo
1083 3583 1117 3637 et
1139 3567 1349 3667 ternpuscnlo
1372 3564 1551 3668 spatiolum
1569 3563 1703 3665 'fuerit

335 3661 446 3755 idem,
480 3660 616 3735 enectus
632 3692 767 3766 quoque
784 3674 846 3738 erit
864 3666 972 3766 idern,
1001 3664 1142 3740 undeet
1166 3676 1214 3740 vis
1230 3697 1293 3767 pru
1308 3677 1425 3743 eadem
1453 3671 1498 3744 eli
1522 3666 1692 3767 habenda,

335 3766 469 3864 hocque
485 3762 552 3836 five
570 3773 808 3866 corpusculum
827 3767 993 3871 quiescat,
1022 3768 1090 3841 five
1107 3777 1173 3863 jam
1189 3792 1377 3864 moveatur.
1425 3824 1428 3832 .

872 3924 1089 3998 conon.
1118 3948 1149 4012 3.

426 4089 497 4154 142.
527 4067 662 4140 Scilicet
680 4071 703 4143 sr
719 4073 957 4173 corpusculum
969 4092 1144 4163 movetur,
1171 4080 1219 4146 vis
1233 4088 1368 4145 eatenus
1388 4089 1518 4142 tantum
1535 4070 1692 4144 aestima·

321 4185 395 4252 tur,
422 4188 586 4265 quatenus
614 4196 675 4264 per
704 4196 833 4247 ccrtrun
862 4173 1038 4273 spatiolum
1066 4175 1154 4246 ultra
1178 4173 1231 4259 id,
1265 4168 1358 4275 quod
1380 4192 1477 4242 motu
1501 4180 1567 4266 jam
1587 4173 1692 4247 insito

333 4264 569 4364 percussurum
586 4265 681 4355 esset,
711 4277 931 4376 propellitur,
961 4272 1210 4349 vieill'nn'enim
1224 4300 1264 4348 ex
1290 4278 1479 4375 quantitate¹
1494 4278 1594 4370 hujus
1617 4272 1692 4377 spa·

238 4364 243 4385 '
335 4366 410 4441 tioli
426 4371 718 4452 visaessirnabitur.

1550 4578 1691 4650 aratr-
1719 4520 1722 4525 >
