4092 5134
880 248 883 255 “
949 250 954 285 l

184 410 187 415 ·
225 334 538 477 corennum
552 356 874 477 uicinorum
896 376 1422 488 Teumsaxuusac.
1457 326 1583 513 313(
1658 478 1662 483 .

163 616 210 689 (tt
229 628 258 718 g'
279 611 374 715 supra
397 610 646 687 horizontale'm
672 612 713 686 de
732 638 855 714 nempe
876 616 921 718 dg
939 650 983 716 ¹=
1068 582 1335 661 ⁴⁸⁸Ccff⁶⁰s⁰²
1379 624 1383 629 ’
1406 566 1533 732 ,Ιφιαί

345 804 348 811 Ι
999 706 1401 812 A⁸¹(Bcost2†(lcesl2)

165 838 244 885 cum
267 812 305 885 stt
327 804 511 885 neceffario
533 805 696 911 positiva,
739 838 862 915 corpus
883 835 980 890 motu
1005 814 1065 892 suo
1092 817 1133 893 ad
1160 822 1323 923 punt‘lum
1354 827 1515 923 apertin-

166 942 251 1017 gere
266 914 386 1016 potest.
440 930 463 1027 ᾗ
1008 1014 1011 1021 Ι
1128 994 1175 1007 .,

674 1044 1038 1125 COROLLA.
1116 1120 1120 1127 ,
1246 1084 1250 1095 ·

268 1232 333 1301 755.
359 1176 456 1280 Tum
473 1232 555 1279 veto
574 1176 717 1277 altitudo
744 1205 788 1280 bd
800 1232 871 1280 non
889 1206 997 1368 lulqncr
1023 1217 1125 1301 etiam
1143 1208 1189 1283 ell
1210 1208 1376 1310 positiva,
1401 1205 1518 1283 sedet.

917 1329 934 1379 4
1000 1330 1019 1379 a

795 1454 1148 1532 structum-tecum)

125 1546 127 1550 Ι
152 1533 586 1661 ...AER-Q,
612 1569 701 1644 unde
725 1571 890 1673 pandum
915 1598 955 1658 t,
989 1570 1029 1664 ea
1051 1599 1121 1675 quo
1145 1592 1257 1647 motus
1281 1580 1415 1649 initium
1430 1570 1523 1649 duai⁴

121 1760 127 1767 Ι
169 1680 558 1760 remeunt-custus
1203 1696 1206 1701 ·
1382 1684 1384 1689 ·
1533 1670 1538 1691 ’

166 1805 243 1854 tuus
261 1814 285 1866 ,κ
293 1775 423 1879 semper
438 1796 533 1850 certo
552 1781 588 1847 in
603 1777 798 1876 peripheria
813 1774 929 1848 circuli
947 1761 1125 1879 reperitur.

658 1946 954 2018 eunoun
1011 1970 1043 2036 a

235 2136 239 2145 ,
272 2081 347 2170 756.
372 2078 459 2147 Cum
477 2074 579 2173 igitur
594 2097 696 2173 graue
711 2088 808 2143 certo
823 2096 896 2170 epe
918 2068 958 2142 ad
983 2075 1088 2143 immn
1113 2066 1276 2170 pundum
1299 2065 1318 2142 b
1336 2067 1524 2164 descendat,

171 2228 229 2303 ulti
248 2226 284 2299 fit
297 2217 409 2299 u=b
451 2251 487 2287 =
509 2177 923 2307 ...Ἦ-Μ,
949 2227 1006 2322 qui
1025 2231 1094 2317 ejus
1115 2218 1160 2292 ell
1176 2219 1270 2293 valor
1289 2231 1449 2303 maximus
1462 2257 1524 2330 po·
1622 2242 1627 2253 “

508 2326 898 2406 πωψψκωωι
1399 2408 1407 2417 ,

803 2454 892 2531 aa
1103 2460 1377 2538 ‘ramma

174 2511 315 2600 fitium,
345 2514 412 2585 hoc
434 2529 587 2611 tempore
610 2515 674 2583 erit
697 2537 719 2586 v
741 2542 779 2581 =
803 2540 920 2626 Τ,
948 2529 982 2583 et
1002 2535 1079 2586 8:
1102 2516 1526 2644 *fs-,quaeest

153 2720 157 2729 ,
176 2668 327 2742 celeritas
343 2665 508 2766 angularis
529 2672 670 2736 maxima
688 2723 698 2752 ,
727 2665 854 2764 stetque
872 2683 942 2735 tunt
958 2671 1042 2764 cese
1058 2701 1096 2739 .-.·
1110 2689 1133 2736 0
1148 2725 1159 2769 ‚
1187 2672 1254 2741 hoc
1272 2671 1334 2758 cll,
1351 2672 1446 2773 polus
1465 2700 1525 2774 gy·

175 2777 317 2861 rationis
333 2794 393 2870 per
410 2763 625 2867 quadrantem
641 2768 702 2839 AC
723 2764 848 2883 transit.

682 2946 1009 3019 SCHOLION.
1098 2996 1102 3009 .

280 3098 351 3167 757.
379 3077 467 3146 Cum
483 3073 698 3176 igiturpolus
746 3075 932 3164 marionis,
956 3072 1145 3175 ubicunque
1168 3080 1264 3150 initio
1289 3075 1415 3169 fuerit,
1443 3079 1526 3155 sem·

178 3206 240 3284 per
258 3177 330 3277 poll
345 3171 479 3276 aliquod
499 3197 629 3276 tempus
646 3099 785 3245 trandent
799 3198 859 3272 per
880 3170 1098 3274 quadrantem
1119 3179 1180 3247 AC
1196 3234 1207 3264 ,
1229 3181 1284 3249 ubi
1302 3182 1452 3256 celeritas
1470 3212 1526 3255 an·

151 3346 153 3351 .
180 3283 304 3385 gularis
322 3277 366 3348 ell
384 3285 551 3367 maxima,
583 3281 649 3350 hoc
665 3294 960 3375 tempustanquam
987 3298 1099 3349 motus
1122 3284 1254 3350 initium
1278 3276 1424 3379 speclare
1450 3284 1527 3356 lice·

185 3389 244 3472 bit,
263 3376 536 3482 quandoquidem
547 3383 625 3453 hinc
641 3373 791 3467 etiamad
809 3396 960 3476 tempora
976 3375 1201 3452 antecedentia
1220 3381 1351 3481 regredi
1369 3385 1529 3468 valemus.

182 3489 298 3560 Fuerit
315 3486 415 3579 igitur
432 3486 530 3553 initio
545 3480 641 3580 polus
663 3483 847 3582 gyta'tiouis
864 3485 900 3550 in
923 3476 1114 3580 quadrantis
1137 3482 1262 3578 ptmdlo
1281 3487 1331 3568 E,
1358 3508 1393 3557 ut
1411 3486 1449 3560 sn
1470 3492 1529 3560 ΑΕ

181 3620 221 3659 :z
235 3611 256 3663 a
271 3606 303 3657 et
320 3585 380 3654 CE
395 3616 434 3650 ε.
448 3605 514 3658 e:
528 3594 595 3677 900
618 3632 654 3645 -
677 3606 723 3669 a,
753 3603 851 3681 atque
876 3580 1026 3653 celeritas
1051 3581 1215 3684 augularis
1237 3617 1276 3651 =
1299 3611 1315 3657 t
1339 3590 1372 3657 in
1398 3584 1529 3663 sensum

133 3697 140 3707 '
183 3690 282 3765 ΑΒΕ.
334 3683 448 3755 Possea
462 3710 546 3783 ergo
560 3682 656 3781 polus
674 3688 860 3785 gyrationis
882 3688 918 3753 in
935 3679 1093 3781 sphaerae
1119 3684 1288 3755 oduntem
1313 3689 1392 3763 nbc
1414 3691 1528 3765 transt·

181 3791 255 3876 bit,
281 3812 357 3857 cum
372 3800 449 3856 ante
467 3781 613 3857 versatus
636 3783 674 3855 fit
694 3792 728 3855 in
741 3785 873 3856 odlaute
896 3786 1007 3861 ABCt
1031 3786 1085 3856 ubi
1101 3782 1287 3856 notandum
1308 3788 1373 3884 ell,
1394 3814 1528 3865 contra.

180 3898 275 3964 ¹rium
290 3882 356 3960 elle
371 3906 596 3972 eventurum,
622 3883 644 3956 fi
664 3905 777 3958 motus
801 3892 990 3985 gyratotius
1010 3891 1045 3957 in
1069 3881 1199 3958 sensum
1224 3899 1429 3965 contrarium
1448 3891 1555 3967 diti-⁸

124 4068 131 4087 ἱ
183 4010 335 4095 geretur.
384 3990 451 4059 Hic
464 4009 574 4062 autem
593 3983 661 4057 duo
684 3984 774 4061 casus
796 3983 1026 4059 confiderandi
1040 4008 1242 4075 occurrunt,
1260 4013 1361 4088 prout
1382 4001 1415 4066 in
1432 4017 1530 4069 motu

184 4090 340 4164 circulari
358 4091 516 4185 pandum
526 4118 555 4191 g
571 4086 624 4159 vel
638 4083 733 4188 supra
755 4089 917 4183 circulum
939 4086 1051 4178 cadit,
1075 4114 1242 4191 graveque
1265 4100 1407 4182 integras
1431 4125 1529 4169 revo-

187 4195 333 4265 lutiones
354 4185 518 4286 absolvit,
543 4191 597 4262 uel
623 4196 708 4263 intra
734 4190 922 4277 circulum,
953 4216 1123 4293 graveque
1144 4173 1368 4286 oscillationes
1391 4208 1532 4295 peragit.

186 4300 283 4368 Prius
301 4289 462 4380 evenit‚·'fi
475 4289 575 4364 fuerit
588 4295 618 4362 C
633 4292 736 4388 rosa²
754 4306 793 4376 >
808 4290 837 4363 Α
852 4290 903 4389 cas
912 4300 970 4383 ς’,
992 4294 1153 4392 pollerius
1168 4322 1270 4381 vero,
1287 4294 1309 4365 fi
1328 4301 1356 4369 C
1373 4298 1474 4392 cosa2
1495 4311 1534 4386 <

139 4432 150 4445 ··
187 4394 352 4494 ΜΝ.
416 4390 469 4469 ad
490 4395 553 4469 hos
575 4389 664 4468 casus
688 4390 937 4497 distinguendos
955 4400 1113 4498 capiatur
1127 4402 1162 4469 in
1174 4394 1436 4498 quadranteAC
1450 4425 1531 4496 ptan-

165 1352 232 1421 iam
246 1353 359 1418 minor
377 1343 544 1420 diametro
561 1341 676 1416 circuli
691 1341 730 1418 ab
744 1376 783 1413 =
1157 1372 1168 1423 ς
1199 1354 1263 1421 erit
1288 1355 1381 1423 enim
1405 1348 1450 1422 ad
1482 1376 1520 1417 ε

1587 4445 1696 4538 ip.
