4092 5134
915 426 919 435 ·
1014 432 1247 549 capue,
1299 428 1376 518 ιιι.
1600 454 1604 467 =

1060 554 1270 701 (OR'OLL.
1291 646 1319 695 2.

615 814 678 884 133.
703 793 820 879 Vires,
850 788 968 890 quibus
983 789 1050 860 hoc
1068 784 1142 860 calu
1164 786 1262 860 slatus
1287 805 1471 881 corporum
1494 794 1663 865 mutatur,
1689 776 1728 848 ab
1753 800 1875 848 eorum

516 892 829 992 irupenetrabilitate
845 888 1043 979 nascuntur,
1069 909 1267 987 tantumque
1288 878 1449 958 effessum
1474 877 1684 980 producunt,
1707 895 1744 949 ut
1769 903 1875 975 pene·

516 1001 617 1068 tratio
634 991 857 1095 impediatur,
882 989 1079 1094 semperque
1097 994 1158 1062 hae
1175 994 1261 1061 vires
1276 1006 1384 1067 tautae
1405 1003 1523 1070 erunt,
1554 1002 1590 1054 ut
1621 984 1701 1054 huic
1724 977 1785 1051 fini
1806 972 1875 1052 sus·

434 1154 443 1161 -
514 1097 639 1171 ficiaut.
955 1142 958 1147 -

1032 1253 1285 1329 canore.
1323 1232 1359 1342 'a
1451 1220 1457 1228 ’

596 1430 683 1496 ,ι34.
711 1403 915 1508 Magnitudo
941 1429 1026 1504 ergo
1051 1405 1171 1474 harum
1206 1405 1339 1472 virium·
1366 1425 1436 1471 non
1476 1425 1516 1472 ex
1548 1389 1918 1497 irnpenetrabilitnte,⁵

519 1513 643 1608 quippe
662 1535 745 1609 quae
763 1508 887 1580 nullius
905 1512 1100 1606 quantitatis
1119 1502 1165 1574 esl
1183 1527 1302 1601 capax,
1325 1498 1587 1588 determinatur,
1621 1496 1678 1572 sels
1705 1524 1745 1571 ex
1765 1512 1879 1571 ruun-

520 1616 614 1683 tione
631 1609 749 1699 ssatus,
763 1637 847 1712 quae
866 1607 953 1681 effici
969 1606 1084 1691 debet,
1100 1631 1141 1677 ne
1158 1631 1303 1704 corpora
1318 1599 1350 1675 se
1365 1621 1483 1675 mutuo
1497 1621 1684 1705 penetrent.

1031 1771 1276 1845 COROLL.
1324 1793 1357 1855 4.

623 1946 686 2014 135·
711 1925 785 1994 Hae
806 1943 891 2018 ergo
908 1924 1055 2013 virer,ex
1075 1917 1390 2018 impenetrabilitate
1407 1936 1513 2007 ortae,
1532 1904 1666 1992 eatenus
1684 1918 1819 1990 'tantiun
1841 1907 1878 1987 se

525 2043 677 2116 exerunt,
698 2041 862 2122 quatenus
879 2025 1105 2119 penetrationi
1122 2019 1168 2093 esl
1186 2016 1445 2108 occurrendum,
1463 2041 1496 2093 er
1512 2025 1725 2121 quantumvis
1743 2020 1875 2119 magnis

524 2123 655 2199 adhoc
680 2123 804 2195 viribus
827 2148 910 2220 opus
940 2118 1056 2221 suerit,
1083 2147 1136 2194 eas
1160 2122 1457 2222 irnpenetrabilitas
1476 2118 1607 2223 semper
1637 2120 1877 2226 suppeditabit,
1890 2186 1911 2195 ,.

524 2223 798 2330 quandoquidem
813 2231 1000 2326 penetratio
1015 2222 1206 2300 nullatenus
1224 2231 1424 2326 contingere
1441 2225 1561 2327 potell,
1888 2234 1895 2239 ’

1008 2391 1334 2467 altercatio.
1359 2412 1386 2469 ι.

625 2545 694 2633 136.
718 2534 863 2641 Quando
887 2535 1068 2640 quodpiam
1090 2548 1211 2639 corp'us
1235 2543 1275 2612 ab
1290 2540 1360 2612 aliis
1385 2537 1580 2642 impeditur,
1606 2566 1676 2643 quo
1695 2532 1896 2641 minerves

525 2639 734 2744 fiquiescat,
755 2646 916 2818 inquiete
931 2657 1142 2742 permaneat,
1170 2641 1225 2715 vel
1244 2641 1270 2715 sr
1294 2661 1492 2731 moveatur,
1522 2640 1741 2717 uniformiter
1766 2648 1800 2713 iu
1826 2639 1880 2712 di·

525 2746 655 2820 redum
677 2744 803 2848 pregre
828 2750 939 2836 iatur;
990 2765 1058 2818 tarn
1080 2754 1149 2839 ejus
1174 2742 1295 2843 ipsius,
1330 2772 1431 2848 quarn
1449 2745 1595 2818 illorum
1616 2740 1881 2841 impenetrabili·

525 2870 575 2923 tas
592 2856 680 2922 vires
696 2850 737 2921 ad
746 2853 970 2920 mutationem
984 2843 1177 2919 necessarias
1187 2854 1307 2947 gignit,
1318 2875 1396 2920 nam
1411 2846 1436 2920 fi
1454 2847 1506 2919 vel
1524 2845 1606 2919 illud
1616 2848 1761 2919 vellraec
1770 2838 1880 2921 effent

525 2949 762 3051 penetrabilia,
789 2946 892 3018 nullis
908 2971 993 3042 opus
1011 2940 1092 3018 esset
1109 2947 1255 3040 viribus,
1282 2954 1325 3017 ita
1342 2966 1378 3018 ut
1393 2952 1455 3020 hae
1472 2955 1558 3020 vires
1573 2975 1644 3019 non
1668 2975 1708 3021 ex
1725 2954 1879 3047 impene-

526 3049 706 3123 trabilitate
727 3053 825 3121 unius
848 3064 979 3116 tanturn
999 3053 1172 3147 corporis,
1203 3043 1259 3118 sed
1285 3046 1433 3121 duorum
1454 3049 1644 3149 pluriumve
1668 3048 1880 3144 conjunctim

526 3146 712 3224 nascantur.
763 3146 1063 3246 irnpenetrabilitar
1082 3168 1174 3221 certe
1192 3146 1261 3219 stne
1277 3147 1457 3223 rellllentia
1470 3151 1652 3223 invincibili
1665 3156 1799 3252 concipi
1819 3158 1899 3225 rie-s

527 3257 619 3355 quir,
644 3249 789 3351 ideoque
808 3257 879 3342 jure
899 3275 963 3349 pro
979 3246 1075 3322 fonte
1092 3249 1225 3321 illarum
1242 3255 1388 3339 virium,
1425 3253 1542 3355 quibus
1566 3260 1755 3352 penetratio
1783 3246 1882 3326 aver.

429 3344 436 3359 ’
484 3386 486 3391 ·
528 3362 628 3446 titur,
655 3354 805 3426 habetur.
856 3352 950 3450 Quae
967 3378 1052 3457 ergo
1069 3352 1228 3425 hasienus
1245 3349 1319 3425 sunt
1338 3348 1457 3426 tradit-a
1473 3357 1539 3426 hu'c
1557 3352 1720 3443 redeunt,
1743 3373 1780 3425 ut
1801 3380 1882 3431 cor-

528 3484 614 3560 pora
638 3459 682 3529 ob
703 3462 860 3528 inertiam
883 3452 1012 3526 insitam
1035 3460 1070 3527 in
1092 3453 1177 3530 llatu
1200 3449 1261 3526 suo
1289 3461 1411 3556 quietis
1437 3455 1493 3528 vel
1508 3477 1619 3530 morus
1634 3455 1812 3559 aequabilis
1829 3480 1884 3531 re·

529 3559 654 3630 dinaei
680 3554 807 3628 tamdiu
838 3551 1071 3654 perseverent,
1097 3554 1256 3655 quamdin
1287 3556 1378 3629 nulla
1405 3564 1597 3658 penetratio
1621 3559 1667 3631 est
1689 3556 1884 3648 metuenda,

527 3657 627 3732 fimul
643 3684 681 3729 ae
697 3683 779 3729 vero
794 3656 914 3729 ilatum
929 3651 1025 3728 suum
1042 3663 1239 3730 continuare
1254 3675 1445 3759 nequeunt,
1469 3666 1553 3763 quin
1569 3666 1755 3760 penetratio
1771 3659 1906 3759 fieret,-

529 3759 824 3860 irnpenetrabilitas
839 3775 941 3830 tantas
957 3753 1143 3859 suppeditat
1165 3766 1271 3846 vires,
1296 3785 1389 3862 quae·
1404 3758 1570 3856 ejusmodi
1596 3769 1820 3836 mutationem
1845 3768 1885 3836 in

531 3886 652 3936 eorum
683 3860 764 3932 slatu
796 3856 1003 3958 producant,
1030 3879 1067 3934 ut
1088 3868 1199 3936 omnis
1218 3869 1410 3962 penetratio
1435 3882 1614 3937 avertatur.
1665 3866 1775 3955 Quare
1802 3890 1885 3939 eunt

528 3961 676 4039 mundus
691 3960 729 4035 su
742 3958 858 4062 plenus
877 3962 1096 4063 corporibus,
1121 3990 1271 4067 quorum
1293 3962 1390 4039 slatus
1406 3971 1451 4038 ita
1476 3965 1523 4040 ell
1546 3960 1715 4053 diversus,
1741 3987 1778 4039 ut
1797 3965 1824 4040 fi
1846 3974 1884 4042 in

426 4112 430 4119 ·
530 4091 575 4139 eo
589 4090 739 4165 quaeque
755 4062 809 4134 vel
822 4090 883 4163 per
896 4070 1076 4138 minimum
1102 4064 1264 4168 temporie
1296 4062 1435 4167 spatium
1456 4084 1651 4155 manerent,
1678 4070 1800 4173 ubique
1822 4096 1885 4177 pe·

530 4172 736 4242 netrationes
765 4159 869 4267 essent
889 4161 1082 4265 secumrae,
1112 4171 1191 4241 hinc
1218 4171 1409 4263 uberrimus
1436 4166 1514 4243 fons
1537 4175 1661 4243 virium
1691 4170 1732 4245 ad
1760 4172 1885 4247 ilatum

531 4293 718 4370 corporum
733 4270 897 4340 continuo
913 4266 1113 4341 mutandum
1129 4276 1247 4341 oritur.
1296 4270 1495 4373 Qvauquam
1510 4298 1592 4372 ergo
1608 4254 1774 4346 infinitam
1790 4278 1886 4380 quati

450 4380 454 4387 '
535 4376 668 4473 copiam
687 4374 811 4442 virium
829 4374 865 4442 in
891 4365 1019 4442 mundo
1042 4372 1277 4458 concedimur,
1308 4394 1428 4473 easque
1447 4370 1532 4447 adeo
1550 4377 1781 4476 acorporibus'
1795 4386 1885 4457 oriri

532 4474 720 4581 finitumus,
744 4472 786 4574 ab
802 4491 1051 4550 cerumtamen
1069 4476 1652 4579 opinione-*martirne’abhorremue‚
1677 4487 1742 4583 qui
1757 4507 1885 4582 corpo.

1789 4587 1885 4666 ribus
