4092 5134
327 446 392 545 1³⁶.
682 422 890 515 CAPUT
912 422 940 510 l.
1012 418 1092 509 DE
1120 412 1303 507 MOTU

331 621 467 713 transrt3
497 637 604 695 totam
622 621 774 717 corporis
800 608 937 687 mall'am
960 630 1118 713 tanquam
1141 614 1176 681 in
1197 624 1315 683 centro
1339 609 1477 678 inertiae
1501 598 1683 675 colleslnm
1726 654 1732 665 .

333 733 428 828 eique
446 730 514 799 vim
526 719 791 827 aequivalentem
808 715 1004 818 applicatam
1019 718 1200 814 concipere
1214 708 1301 785 licet.

881 884 1092 959 conant.
1114 842 1150 962 a.

423 1034 510 1117 Ι292.
540 1023 626 1091 Cum
645 1015 684 1089 ad
703 1012 817 1087 datum
835 1030 965 1111 tempus
981 1006 1072 1079 locus
1100 1009 1208 1077 centri
1227 1000 1370 1076 inertiae
1388 992 1491 1071 fucrit
1516 1001 1688 1087 inventur,

339 1132 439 1199 etiam
455 1129 555 1196 totius
570 1126 721 1217 corporis
744 1117 821 1189 snus
840 1104 1053 1196 innotescet,
1091 1110 1215 1207 quippe
1267 1109 1300 1175 ui
1330 1094 1482 1199 respedlu
1507 1106 1616 1173 centri
1638 1105 1689 1173 in·

297 1246 300 1253 '
343 1232 444 1301 ertiae
465 1223 555 1297 idem
568 1228 631 1293 erit
644 1237 826 1321 perpetuo,
844 1219 900 1315 qui
920 1210 1028 1284 fuerat
1045 1215 1164 1284 initio:
1191 1134 1328 1281 caelen
1343 1205 1434 1277 enim
1448 1208 1691 1307 corporispnr·

343 1346 391 1401 tes
404 1325 533 1429 semper
549 1322 588 1395 ad
606 1319 736 1397 easdem
747 1314 870 1395 ¹mundi
886 1314 997 1417 plagas
1013 1306 1214 1413 spellabrmt·

858 1479 1100 1555 COROLL
1148 1498 1177 1569 9

446 1639 518 1711 293.
546 1618 683 1687 Inventa
699 1636 805 1711 porro
820 1608 860 1680 ad
879 1604 1062 1710 quodpiam
1077 1624 1207 1707 tempus
1232 1603 1402 1678 celeritate
1417 1608 1523 1678 centri
1542 1586 1696 1691 inertiae,

342 1718 439 1793 llrmrl
457 1722 569 1789 omnia
591 1718 744 1813 corporis
768 1712 889 1813 pnndla
911 1714 982 1811 pari
1004 1709 1173 1783 celeritate
1193 1708 1442 1795 movebuntur,
1476 1692 1699 1807 omuiu'mque

343 1818 543 1893 diredliones
565 1824 654 1890 inter
678 1809 711 1885 se
737 1830 837 1886 erunt
862 1810 1063 1912 parallelae:
1089 1816 1134 1883 ita
1155 1830 1192 1885 ut
1216 1814 1317 1882 totins
1339 1814 1495 1911 corporis
1516 1827 1633 1883 motus
1657 1832 1701 1881 ex

344 1924 563 2023 motucentri
585 1920 725 1990 inertiae
749 1911 898 2015 perfedle
921 1910 1155 2015 cognoscatur.
1332 1900 1339 1911 ’

821 2082 1153 2157 scaloniam
1206 2109 1234 2153 r.

449 2232 526 2302 294.
553 2210 676 2281 Omnia
690 2230 786 2307 ergo,
810 2230 894 2306 quae
911 2202 952 2277 dc
967 2230 1064 2277 motu
1083 2206 1190 2277 libero
1214 2202 1416 2304 pundlortun
1441 2199 1498 2277 seu
1521 2227 1704 2303 corpuscu-

356 2314 468 2386 lorum
485 2308 614 2384 infinite
627 2334 810 2410 parvorum
826 2314 861 2379 in
877 2303 1102 2407 superioribus
1126 2308 1218 2381 libris
1241 2302 1316 2380 sunt
1339 2304 1484 2394 tradita,
1516 2312 1618 2379 etiam
1641 2330 1705 2408 pro

356 2436 453 2488 motu
470 2436 654 2512 corporum
670 2409 861 2510 rigidorurn
874 2406 1084 2509 progresstvo
1101 2410 1241 2497 valent,
1274 2405 1421 2509 ideoque
1443 2434 1522 2481 curn
1541 2412 1577 2479 in
1599 2404 1635 2481 le
1655 2412 1707 2481 ni·

357 2521 421 2589 mis
439 2513 559 2586 llerilin
576 2510 776 2599 videantur,
803 2536 893 2583 nunc
909 2508 1143 2609 amplillimum
1158 2507 1251 2583 usum
1269 2510 1455 2598 habebunt,
1478 2535 1556 2582 cum
1572 2534 1617 2583 eo
1634 2516 1708 2585 tmi-

357 2612 491 2689 versum
506 2642 611 2716 genus
629 2634 785 2685 motuum
802 2609 1090 2711 progrcllrvorum
1104 2610 1144 2684 lit
1159 2594 1384 2684 referendum.
1438 2614 1582 2711 Quoties
1606 2618 1708 2685 nimi·

358 2744 435 2793 rmn
453 2743 596 2815 corpora
619 2713 727 2888 rigida
747 2734 843 2786 motu
857 2713 1066 2816 progrcllrvo
1079 2711 1255 2801 incedtmt,
1283 2711 1375 2815 quod
1390 2712 1441 2801 fit,
1459 2714 1482 2787 fi
1501 2718 1628 2785 virium
1646 2710 1709 2785 sol·

361 2822 562 2894 licitantium
586 2845 641 2892 me
667 2824 696 2888 ia
719 2812 860 2889 diret‘lio
879 2843 940 2915 per
964 2844 1084 2890 eorum
1106 2830 1260 2890 centrum
1280 2820 1420 2887 inertiae
1444 2812 1580 2902 transit,
1605 2808 1710 2919 eaque

360 2928 459 2995 initio
476 2921 531 2992 vel
545 2924 756 3019 quieverint,
772 2917 825 2991 vel
841 2938 936 2988 motu
952 2915 1162 3017 progrelsrvo
1175 2914 1301 2988 fuerint
1315 2910 1472 3016 impulsa,
1498 2932 1712 2991 eorurn‘rno·

363 3042 417 3095 tur
437 3046 496 3119 per
510 3023 705 3093 Theoriam
718 3036 828 3088 motus
847 3016 1052 3116 pundlorum
1069 3027 1135 3115 jam
1156 3016 1323 3091 cumulate
1343 3016 1529 3119 expositam
1551 3016 1709 3093 determi-

360 3126 432 3196 nari
447 3126 595 3221 poterit;
622 3116 711 3189 unde
728 3119 815 3191 hane
832 3116 1065 3193 trat‘lationem
1082 3116 1184 3194 fufius
1206 3116 1361 3223 persequi
1384 3116 1590 3220 superfluum
1606 3118 1709 3197 foret.

361 3227 455 3301 Hinc
471 3241 583 3295 autem
605 3219 713 3293 llatim
732 3214 901 3307 diximus,
936 3218 1102 3294 fivirium
1127 3247 1272 3323 corpora
1289 3220 1444 3297 coelestia
1467 3217 1713 3297 sollicitantium

360 3324 471 3401 media
483 3321 627 3398 dircdlio
643 3348 703 3422 per
720 3348 839 3395 eorum
857 3340 1012 3395 centrum
1028 3330 1166 3399 inertiae
1183 3320 1351 3414 transeat,
1378 3350 1483 3425 eaque
1499 3318 1603 3397 semel
1615 3310 1712 3401 rnatu

360 3426 572 3602 progrell'rvo
600 3450 688 3526 puro
710 3422 843 3527 ingredi
865 3420 1076 3525 coepissent,
1112 3452 1151 3500 ea
1173 3444 1340 3527 perpetuo
1361 3424 1462 3498 talem
1486 3444 1625 3501 mortun
1647 3420 1713 3503 ell'e

363 3556 429 3603 con
446 3551 599 3603 ervamra
617 3586 627 3618 ,
653 3542 763 3629 neque
778 3552 925 3627 unquam
943 3546 1075 3600 mortun
1090 3531 1267 3629 vertiginis
1289 3521 1356 3601 else
1370 3524 1540 3628 adeptura.
1590 3526 1713 3639 Qar'e
1742 3560 1745 3570 ·

364 3654 442 3703 cum
457 3648 554 3703 motu
572 3634 746 3731 vertiginis
759 3634 873 3729 gyrari
889 3624 1134 3719 observentur,
1162 3624 1292 3703 necesse
1310 3628 1381 3721 est,
1405 3648 1443 3701 nt
1459 3627 1534 3730 ipsu
1550 3628 1628 3705 talin
1642 3656 1712 3709 rnn-

364 3745 418 3804 ωε
435 3736 501 3825 jam
522 3731 561 3802 ab
576 3736 674 3803 initio
690 3727 792 3802 suerit
812 3726 1013 3828 impreffus,
1041 3730 1148 3805 velut
1172 3728 1285 3805 media
1300 3728 1443 3805 diredlio
1462 3758 1533 3805 non
1548 3754 1710 3835 perpetuo

363 3854 565 3936 percorum
590 3849 745 3903 centrum
766 3836 907 3907 inertiae
926 3828 1086 3922 transeat,
1112 3830 1205 3939 qnod
1219 3832 1384 3937 posterius
1410 3840 1447 3909 in
1473 3834 1552 3909 luna
1578 3839 1711 3913 evenire

366 3940 493 4011 merito
509 3928 708 4038 supicamur.
1608 3946 1615 3951 '

836 4070 1164 4179 s'crrotron.
1211 4102 1253 4179 2:
1334 4078 1338 4087 '
1741 4084 1746 4225 q

469 4249 536 4325 295.
565 4228 620 4300 Ne
634 4242 768 4312 autem,
795 4224 876 4299 dum
893 4254 1039 4328 corpora
1054 4230 1172 4303 talibus
1192 4230 1318 4303 viribul
1334 4184 1508 4301 sollicitata
1525 4252 1715 4319 moventur,

370 4336 407 4406 in
422 4328 529 4433 figura
542 4327 598 4403 sua
614 4330 836 4401 mutationem
850 4336 1013 4425 patiamur
1027 4384 1038 4416 ,
1061 4354 1183 4405 cortun
1199 4354 1399 4431 compagem
1414 4326 1489 4403 satis
1503 4330 1639 4411 firmam
1657 4330 1715 4411 effe
1744 4376 1747 4399 ι

373 4452 527 4541 oportet,
552 4456 656 4538 quare
673 4444 831 4534 quantam
847 4434 981 4530 virnoea
999 4422 1153 4515 sullineat
1164 4487 1180 4523 ,
1205 4436 1271 4507 erit
1294 4428 1537 4511 definiendum.
1586 4442 1640 4513 Ac
1654 4442 1716 4541 pri·

1662 4562 1716 4615 nro
