4092 5134
175 590 183 607 Ι
302 406 689 553 moonnsstvo
713 436 1032 555 conponunt
1057 444 1391 615 momorum
1471 496 1540 585 ης·
1672 430 1678 441 ’
1739 548 1743 561 .
1820 448 1823 457 ’

645 654 721 727 PR
737 656 805 730 OB
821 658 943 731 LEM
950 659 990 728 A.
1039 678 1071 733 2.

275 774 351 844 290.
376 753 411 825 Si
431 777 553 851 corpus
568 750 749 855 rigidum,
782 754 875 855 quod
898 761 997 828 initio
1023 754 1081 829 vel
1102 762 1291 860 quieverit,
1320 757 1376 831 vel
1394 776 1529 837 motum

172 850 418 1025 proffireffivum
438 860 631 956 acceperit,
660 860 826 929 continno
845 853 1047 931 sollicitetur
1064 885 1082 930 a
1106 860 1259 949 viribus,
1321 866 1528 935 utrumme·

173 951 227 1026 dia
266 954 384 1028 ireslio
398 981 459 1056 per
474 962 543 1050 ejus
557 974 712 1029 centrum
721 963 862 1031 inertiae
874 952 1037 1049 transeat3
1063 966 1133 1054 ejus
1142 980 1277 1036 motum
1290 886 1528 1040 determinare.
1573 956 1576 961 ’

273 1207 456 1306 Quavis,
483 1233 548 1309 qna
571 1203 935 1307 corpnssollicitatm,
970 1206 1073 1283 velli
1096 1210 1209 1311 plures
1234 1208 1384 1310 suerint,
1410 1239 1528 1291 earum

173 1304 285 1380 merlin
301 1307 442 1382 directio
459 1327 624 1409 perpetuo
638 1334 700 1408 per
716 1316 786 1403 ejus
810 1328 966 1383 centrum
990 1317 1131 1386 inertiae
1151 1312 1291 1401 transn,
1312 1334 1426 1388 motus
1444 1343 1529 1419 quo·
1557 1396 1559 1401 ,

173 1406 417 1511 modorumque
447 1428 514 1482 tam
540 1414 670 1483 ratione
697 1409 874 1483 celeritatis
898 1438 999 1513 quam
1025 1410 1221 1489 diretlionis
1245 1416 1449 1503 mutabitur,
1477 1436 1526 1489 ta·

173 1536 256 1583 men
272 1538 376 1611 usque
393 1513 539 1583 manebit
556 1509 793 1612 progressum.
857 1509 911 1584 Ad
937 1540 1015 1592 enm
1036 1540 1073 1587 er
1098 1544 1120 1587 o
1139 1512 1413 1618 cognoscendum
1436 1514 1525 1590 susb-

173 1616 231 1699 cit,
250 1630 380 1683 motum
397 1617 485 1685 unici
501 1610 670 1705 cujusdam
684 1621 759 1708 'ejus
773 1612 888 1711 pundi
906 1542 1117 1687 definiviiis:
1145 1645 1245 1718 quam
1271 1624 1363 1688 enim
1385 1615 1524 1717 positio-

172 1738 257 1785 nem
281 1738 401 1813 corpus
423 1718 521 1786 initio
543 1708 695 1813 respedln
719 1716 816 1810 hujus
838 1715 954 1811 ptmsli
980 1723 1149 1805 tenuerit,
1179 1743 1252 1789 earn
1273 1714 1428 1815 deinceps
1444 1742 1521 1815 per·

172 1832 279 1913 petuo
301 1809 464 1913 servabit,
496 1813 523 1887 fi
545 1813 682 1914 quidem
704 1823 754 1886 uti
778 1808 995 1907 asltunimus,
1036 1823 1132 1891 initio
1155 1818 1210 1891 rel
1242 1822 1433 1919 quieverit,
1469 1815 1525 1888 rel

173 1935 308 1987 motum
324 1910 568 2018 progreffivmn
579 1942 703 2015 purum
717 1921 893 2016 acceperit.
947 1916 1082 2025 Qaeri
1097 1925 1110 1990 i
1133 1924 1199 1991 itur
1214 1916 1420 2021 potislnnmn
1441 1942 1526 1991 con·

173 2023 287 2089 veniet
302 2039 434 2090 motmn
452 2024 521 2111 ejus
539 2024 645 2089 centri
660 2024 802 2091 inertiae
817 2074 829 2116 ‚
847 2024 1008 2119 quoniam
1030 2026 1080 2093 vir
1102 1946 1283 2094 sollicitans
1310 2038 1467 2121 tanquam
1492 2023 1525 2089 ei

174 2116 332 2218 applicata
349 2124 482 2217 concipi
506 2118 621 2217 potesl.
693 2123 743 2192 Sit
765 2126 877 2219 itaque
900 2114 1001 2191 massa
1019 2127 1174 2219 corporis
1194 2156 1234 2192 =
1258 2123 1326 2207 M,
1351 2140 1384 2193 et
1412 2115 1525 2219 elapso

174 2237 328 2317 tempore
343 2255 382 2289 =
395 2242 410 2293 r
425 2215 654 2293 sollicitatura
671 2226 705 2291 vi
726 2252 764 2289 =
786 2224 837 2308 V,
860 2214 961 2292 scusi
984 2248 1002 2293 a
1024 2221 1172 2319 pluribus
1194 2219 1291 2293 simul
1314 2217 1524 2305 sollicitetur,

178 2318 260 2393 inv
272 2327 317 2392 uis
335 2327 374 2391 iis
391 2321 544 2399 omnibus
563 2320 785 2421 aequivalens,
796 2318 1017 2393 diredlionem
1032 2323 1170 2411 habens,
1184 2347 1246 2422 per
1263 2341 1419 2395 centrum
1431 2329 1523 2392 iuer-

178 2429 242 2496 tiae
260 2419 496 2495 transeuntem.
545 2419 672 2519 Quodsi
687 2430 753 2517 jam
769 2427 804 2494 in
819 2424 886 2495 hoc
902 2442 1021 2496 centro
1036 2422 1242 2507 clementum
1255 2428 1410 2525 corporis
1426 2479 1436 2510 ‚
1464 2446 1522 2493 cu·

177 2532 226 2621 jus
243 2518 376 2597 massula
392 2522 432 2597 fit
446 2558 485 2595 =
499 2531 514 2593 i
521 2526 582 2613 M,
608 2520 787 2599 denotante
799 2533 816 2596 i
827 2521 1028 2599 fraslionem
1042 2524 1173 2599 infinite
1187 2550 1338 2625 parvam,
1354 2528 1523 2621 concipia-

120 2660 128 2671 ·
176 2645 259 2711 tur,
285 2653 319 2698 ea
335 2624 464 2699 asnnili
483 2625 644 2724 particula
659 2637 674 2699 i
680 2630 716 2701 V
730 2632 833 2698 totius
849 2632 899 2697 vis
916 2616 1094 2719 sollicitari¹
1105 2628 1151 2699 est
1170 2594 1343 2702 censebda.
1392 2629 1525 2696 Verum

179 2754 219 2799 ex
243 2724 396 2800 dodlrina
419 2725 695 2799 sollicitationum
721 2743 798 2795 ante
822 2723 940 2794 tradita
962 2743 1082 2823 putet,
1111 2722 1248 2796 massam
1269 2735 1284 2795 i
1291 2729 1333 2797 M
1375 2748 1394 2791 a
1417 2730 1451 2793 vi
1470 2732 1484 2794 i
1492 2723 1525 2791 V

145 2820 147 2824 ¹
175 2820 442 2929 perindeaffici,
467 2849 505 2892 ac
520 2817 655 2894 niallam
671 2825 713 2893 M
732 2849 750 2895 a
769 2828 803 2893 vi
819 2827 876 2908 V,
899 2830 1061 2922 quoniam
1080 2830 1167 2899 ratio
1192 2842 1321 2897 tantum
1342 2816 1463 2895 massae
1483 2817 1525 2893 ad

120 2954 130 3041 3
175 2937 249 3001 vim
265 2935 298 3023 in
318 2926 481 2998 calculum
494 2921 691 3025 ingreditur.
747 2926 831 2996 Rem
858 2949 941 3023 ergo
963 2929 1009 2997 ita
1030 2932 1211 3025 concipere
1226 2925 1303 2999 licet
1319 2980 1338 3015 ,.
1362 2950 1400 2995 ac
1415 2921 1440 2995 fi
1454 2942 1525 2997 tnta

124 3086 137 3101 .
179 3035 335 3128 corporis
350 3021 449 3099 melsa
464 3027 506 3097 M
523 3032 560 3097 in
576 3033 644 3121 ejus
662 3041 781 3098 centro
797 3030 937 3098 inertiae
952 3024 1118 3115 colleda,
1145 3033 1244 3127 eique
1264 3033 1313 3101 vit
1335 3042 1405 3097 tota
1421 3029 1452 3097 V
1466 3050 1523 3125 ap·

177 3132 297 3234 plicata
312 3123 416 3219 esset3
446 3154 486 3200 ex
524 3144 569 3199 no
583 3126 798 3226 problematis
818 3131 916 3221 hujus
934 3121 1092 3200 solutior
1113 3122 1338 3229 superioribus
1359 3125 1401 3199 de
1424 3146 1524 3205 motu
1676 3222 1679 3227 .

123 3242 130 3251 '
177 3233 293 3333 puntli
309 3228 392 3303 du'tis
410 3255 481 3302 non
495 3155 699 3326 discrepabit.
755 3229 888 3301 Scilicet
904 3246 941 3299 ut
961 3254 1036 3301 rem
1056 3228 1297 3330 generalissime
1320 3228 1523 3327 eomplesln·
1553 3255 1674 3363 fig-21

121 3390 124 3397 .
178 3360 280 3423 mur,
308 3330 491 3405 reseramus
513 3349 645 3402 motum
665 3324 706 3400 ad
734 3346 842 3402 ternas
859 3327 1052 3403 diredlrices
1071 3332 1161 3418 ΟΛ,
1188 3332 1246 3402 ΟΒ
1270 3350 1304 3401 et
1322 3328 1409 3413 OC,
1435 3335 1525 3401 inter
1636 3357 1641 3367 ·
1676 3316 1687 3347 ⁹

178 3432 213 3511 se
239 3433 434 3520 normales,
467 3428 644 3533 elapsoque
666 3450 821 3531 tempore
845 3452 862 3503 r
884 3435 1076 3527 pervenerit
1095 3433 1411 3509 centrurniaertiae
1434 3434 1470 3501 in
1486 3432 1524 3529 S,

140 3602 142 3607 .
178 3534 385 3623 coordinatis
409 3530 619 3606 exilientibus
641 3533 707 3609 ΟΧ
729 3565 767 3603 =
788 3561 842 3621 x,
877 3534 938 3603 ΧΥ
959 3534 1247 3626 εγεϊΥὸε-Λ.
1290 3526 1447 3603 =Deinde
1474 3536 1524 3605 vis

121 3672 130 3689 ·
177 3634 360 3713 sollicitans
376 3639 409 3708 V
424 3640 547 3734 pariter
561 3628 742 3706 secrmdum
758 3636 817 3708 has
830 3655 897 3707 tres
913 3630 1116 3707 diret‘liones
1131 3628 1329 3720 resolvatur,
1345 3628 1435 3703 unde
1452 3637 1523 3704 ori·

163 3739 275 3815 'entur
293 3745 381 3815 vires
403 3733 585 3811 secundum
617 3738 673 3809 SP
692 3770 732 3807 =
752 3738 777 3807 P
801 3768 812 3829 3
853 3730 1037 3809 secundum
1066 3737 1192 3831 SQ=
1216 3736 1256 3830 Q
1284 3752 1317 3806 et
1341 3726 1526 3807 secundum

176 3842 232 3927 SR
245 3872 282 3910 =
294 3844 336 3939 li,
385 3843 476 3911 Hinc
491 3833 602 3911 sumto
617 3836 786 3912 elemento
801 3842 963 3938 temporis
975 3838 1205 3912 decernente
1225 3854 1317 3909 totus
1337 3836 1523 3933 tnotusbis

136 3972 139 3977 ·
176 3942 284 4016 tribus
302 3940 459 4013 formulis
479 3936 774 4017 determinabitur:
1185 3988 1208 4025 ,-
1492 3980 1522 4017 -·=

310 4039 681 4140 -Μάιίκεκζὶίἰτἡ
697 4068 709 4138 3
735 4038 916 4127 mady:
934 4037 1131 4139 κέρως
1156 4030 1524 4136 Mddzz'rglidt,²

174 4168 263 4245 quae
281 4140 592 4244 quomodoquovis
609 4135 683 4212 casu
694 4138 758 4213 fint
775 4137 975 4227 traslandae,
990 4145 1057 4233 jam
1076 4132 1173 4239 supra
1187 4138 1233 4213 ett
1250 4135 1451 4239 expositum·

239 4452 243 4459 .
282 4416 352 4487 291.
374 4358 657 4499 Casu'ergo,q'uo
679 4294 800 4494 ccongs
813 4292 973 4491 bissiddm
988 4312 1094 4467 1motu
1110 4388 1322 4493 progressiva
1337 4380 1528 4501 profertur,
1644 4402 1647 4405 ·

179 4495 326 4600 ideoque
339 4492 606 4599 meditdiredlio
625 4500 749 4570 virium
767 4490 1018 4672 solllieigantium
1033 4512 1100 4597 .per
1117 4501 1196 4594 ⁸ejus
1209 4510 1371 4592 ¹centrum
1379 4493 1527 4659 1ἰηοῐιῐῐέἓῗ
1612 4498 1615 4501 ,

1468 4716 1513 4724 -ι-.
