4092 5134
246 422 414 540 cuca
435 418 609 515 axau
626 420 813 564 uatum
836 422 1112 539 afuturus
1128 386 1342 523 vuuus
1360 431 1439 525 ac.
1454 394 1543 551 '129
1656 360 1659 371 ¹

699 619 1008 693 SOLUTIO.

195 726 200 739 '
282 732 329 803 Sit
348 734 407 805 AB
423 759 443 805 a
458 732 483 803 F
506 728 626 806 lamina
641 731 698 805 isla
712 730 899 805 tenuiffima
916 730 1045 834 figurae
1061 739 1306 837 cujuscunque,
1330 742 1423 831 cujus
1440 733 1538 810 malla
1574 715 1648 815 fig·
1661 737 1703 802 3¹·

175 832 217 907 fit
234 866 272 903 =
290 836 351 930 M,
375 840 428 907 cui
443 840 512 906 axis
528 840 714 937 gyrationis
733 832 930 907 normaliter
952 834 1097 908 infillere
1127 838 1233 909 intelli
1260 861 1334 908 atur
1353 847 1387 908 in
1413 840 1538 938 prmdlo

176 940 235 1015 0:
264 957 394 1010 etcum
416 938 559 1009 rcdlaea
583 935 717 1037 fingulis
744 936 885 1006 laminae
921 935 1096 1009 elementis
1118 938 1205 1011 ado
1231 867 1348 1011 dudi-uc
1368 939 1464 1012 limul
1479 968 1537 1014 eo·

160 1065 257 1133 ,rum
279 1037 454 1110 distantiae·
472 1040 511 1111 ab
534 1066 594 1115 axe
617 1043 803 1141 gyrationis
819 1034 993 1121 reserant,
1020 1044 1134 1110 omnia
1157 1046 1245 1113 vires
1270 1038 1341 1113 suas
1362 1048 1397 1113 iu
1429 1039 1535 1141 ipsum

201 1140 338 1212 trullum
357 1142 388 1211 0
405 1161 554 1219 exerent.
594 1138 836 1211 Conlideretur
852 1165 935 1238 ergo
955 1137 1161 1211 elementum
1178 1143 1316 1215 laminae
1335 1138 1479 1243 quodvis
1498 1150 1536 1215 in

174 1168 250 1329 ld,
276 1247 368 1335 cujus
385 1236 484 1313 malla
502 1240 539 1312 fit
555 1273 594 1309 =
610 1242 710 1337 dm,
736 1246 871 1341 ejusque
890 1242 929 1310 ab
958 1266 1016 1312 axe
1034 1236 1184 1315 distantia
1211 1246 1285 1315 OM
1302 1270 1373 1314 :r
1390 1268 1401 1337 3
1423 1262 1457 1315 et
1477 1270 1537 1341 po·

173 1340 233 1415 lita
249 1340 418 1415 celeritate
433 1339 583 1443 angulari
597 1375 636 1411 =
650 1370 694 1438 y,
727 1347 791 1413 erit
804 1348 874 1430 vis,
900 1368 965 1443 qua
979 1344 1144 1444 punc‘lum
1158 1347 1191 1415 Ο
1208 1349 1244 1415 in
1261 1342 1450 1417 diredlione
1459 1346 1534 1417 OM
1630 1338 1633 1343 ⁹

178 1518 376 1599 sollicitatur
411 1557 449 1594 =
473 1477 634 1598 Q.
686 1528 781 1623 Quae
805 1529 894 1597 vires
914 1524 954 1596 ab
976 1525 1133 1597 omnibus
1162 1522 1337 1598 elementis
1359 1525 1534 1617 oriundae,

205 1642 208 1649 ,
524 1610 539 1649 2

175 1690 247 1763 quo
263 1660 391 1739 facilius
414 1664 454 1741 ad
470 1612 571 1741 unangr
589 1664 817 1760 reducantur,
843 1666 1076 1758 concipiantur
1098 1685 1158 1759 per
1176 1663 1208 1731 Ο
1227 1657 1311 1731 duae
1332 1658 1531 1738 diredlricea
1681 1694 1690 1709 ·

178 1766 269 1859 ou,
297 1770 358 1857 ΟΒ
372 1774 407 1842 in
431 1768 532 1869 plano
549 1767 689 1840 laminae
714 1774 801 1837 inter
819 1759 853 1837 se
878 1762 1046 1835 normales
1064 1819 1074 1848 ,
1101 1760 1142 1832 ad
1164 1788 1244 1861 quas
1262 1758 1452 1835 referantur
1468 1792 1531 1862 pro
1634 1836 1637 1841 ,

175 1870 303 1966 ριιηέὶο
335 1874 377 1951 Μ
398 1871 615 1963 coordinatoe
635 1871 694 1941 ΟΡ
715 1900 752 1935 =
772 1894 797 1939 x
821 1887 854 1939 et
878 1866 946 1936 PM
961 1894 998 1931 =
1007 1892 1054 1959 y,
1081 1882 1114 1935 et
1138 1861 1309 1960 completo
1334 1862 1530 1965 tetlangulo
1630 1932 1636 1941 .

176 1968 334 2069 OPMQ,
370 1981 419 2045 vis
444 1972 499 2045 illa
527 1972 602 2043 OM
628 1966 807 2044 resolvitur
839 1974 874 2039 in
899 1964 978 2053 duas
1005 1960 1188 2036 secundum
1212 1958 1298 2063 ipfae
1322 1963 1528 2053 directricea,
1587 2061 1594 2070 ι

924 2099 1099 2239 ΜΨ,
1127 2169 1160 2224 et
1174 2175 1258 2251 quae
1272 2145 1460 2223 secundum·
1469 2152 1527 2223 ΟΒ

175 2180 317 2257 quarum
335 2180 419 2267 quae
436 2157 503 2255 agit
518 2146 702 2225 secundum
719 2152 781 2223 Oa
799 2149 846 2222 est
862 2184 902 2221 =
974 2232 1019 2289 ²3

177 2381 264 2477 agit,
279 2356 323 2442 ¹'=
342 2326 503 2444 Qd-M
575 2377 626 2445 Ex
652 2392 719 2445 tota
740 2395 824 2471 ergo
848 2367 967 2441 laurina
991 2374 1100 2455 oritur
1117 2374 1166 2441 vis
1186 2364 1366 2445 sollicitans
1386 2373 1420 2441 in
1439 2364 1528 2443 dire·

350 2499 352 2502 -
394 2461 439 2521 2e

163 2556 289 2666 ¹d'lioue
305 2597 366 2669 ΟΛ
382 2633 419 2671 ,-;
442 2551 496 2740 Ξ
504 2590 535 2684 s
529 2590 585 2663 xd
591 2594 643 2677 M,
659 2606 690 2663 et
705 2594 753 2661 via
769 2583 947 2661 sollicitans
965 2592 1000 2661 in
1014 2583 1200 2661 directione
1213 2588 1271 2659 OB
1285 2542 1430 2730 :gs
1421 2617 1447 2685 y
1457 2589 1483 2663 d
1487 2592 1538 2662 M.

179 2734 272 2804 Haec
289 2752 397 2804 autem
416 2727 591 2832 integralia
608 2753 649 2796 ex
666 2729 727 2797 litu
745 2735 851 2797 centri
872 2732 1011 2797 inertiae
1028 2728 1169 2796 laminae
1184 2706 1415 2809 innotescunt,
1467 2722 1537 2795 uod

177 2830 203 2903 sr
222 2834 379 2903 llatmtur
395 2839 430 2900 in
450 2836 463 2901 1
483 2887 492 2911 ,
519 2820 663 2922 indeque
680 2825 722 2897 ad
737 2823 931 2898 diredlrices
947 2823 1166 2897 demittantur
1180 2821 1418 2923 perpendicula
1502 2842 1536 2895 et

179 2936 254 3020 1L;
281 2930 540 3028 eritsdez
556 2927 607 2997 M.
649 2929 711 2999 01<
736 2946 768 2998 et
775 2928 861 3025 syd
871 2927 962 2998 M:
979 2926 1034 3002 M.
1068 2927 1139 3001 OL.
1190 2926 1303 3027 Qrare
1327 2953 1403 2999 eum
1425 2925 1464 2998 stt
1484 2928 1537 2997 vla

177 3088 362 3187 secundum
395 3062 464 3183 oa
489 3144 530 3182 =
550 3062 673 3227 ζ-ΖΜ.
708 3114 781 3200 ΟΚ,
803 3127 836 3184 et
860 3115 909 3181 via
933 3105 1116 3182 secundum
1135 3112 1193 3182 OB
1215 3063 1328 3229 :372
1353 3112 1405 3187 M.
1460 3074 1533 3199 ou,

177 3252 230 3322 his
249 3245 372 3320 duabus
391 3246 515 3319 viribus
538 3191 724 3351 aelluivalet
747 3276 812 3322 una
826 3242 1008 3321 secundum
1023 3245 1247 3322 diredtionern
1271 3192 1319 3320 Ol
1342 3244 1531 3335 sollicitans,

172 3460 264 3549 ¹quae
283 3430 328 3505 cll
348 3462 386 3499 =
411 3385 474 3503 U.
525 3437 576 3505 M.
618 3434 693 3519 01,
722 3451 822 3534 etque
837 3434 919 3528 haec
944 3431 990 3503 cll
1015 3438 1093 3520 vis,
1122 3456 1223 3534 quiam
1246 3435 1314 3501 axia
1336 3430 1381 3501 ob
1404 3446 1538 3503 motum

179 3572 320 3663 laminae
337 3576 373 3643 in
388 3512 514 3669 pileto
540 3567 724 3642 Osullinet.

722 3738 936 3817 cotton„
969 3758 996 3812 1.

225 3856 227 3861 ⁵
279 3890 343 3957 333.
369 3860 525 3940 Diredlio
543 3885 627 3962 ergo
645 3866 694 3933 vis
711 3919 720 3948 ,
739 3886 840 3961 quam
865 3865 931 3933 axia
947 3861 992 3934 ob
1015 3878 1150 3933 motum
1171 3861 1312 3935 laminae
1336 3850 1492 3944 sullinet,
1517 3879 1536 3927 a

178 3987 305 4065 puncto
322 3962 407 4035 Oad
428 3981 583 4037 centrum
600 3967 736 4033 inertiae
756 3962 895 4034 laminae
913 3964 928 4031 1
957 3960 1093 4049 tendit,
1122 3978 1221 4065 atquc
1241 3957 1413 4035 distantiae
1435 3960 1535 4055 hujru

180 4073 291 4139 centri
309 4069 323 4136 l
342 4066 381 4138 ab
397 4092 458 4139 axe
479 4065 524 4138 est
540 4061 816 4163 proportionalis.

665 4190 1090 4307 coaonae.-

282 4379 352 4447 334
388 4359 422 4431 si
446 4372 518 4429 tota
557 4354 696 4431 laminae
728 4350 829 4431 tnvss'a
863 4356 904 4427 M
932 4362 974 4427 'in
1011 4362 1081 4449 ejus
1120 4376 1236 4433 centro
1274 4361 1415 4427 inertiae
1451 4345 1533 4423 esset

179 4460 325 4539 collecta
349 4513 373 4556 ‚.
410 4483 513 4559 eaque
552 4464 641 4533 eirca
687 4484 783 4569 axem
830 4462 902 4564 pari
936 4458 999 4535 cele
1135 4456 1299 4561 ‚angulati
1337 4453 1535 4529 revolvere-

1465 4570 1533 4640 tur,
