4092 5134
345 466 408 525 ιω
724 394 928 516 curua
949 420 982 511 1.·
1042 390 1379 506 neuneu·-

855 612 1100 686 Gouola
1153 629 1181 680 a

415 698 417 721 Ι
439 744 513 810 277.
540 720 644 789 Prout
663 714 744 815 'ergo
763 720 851 787 vires
872 711 1004 814 lingulis
1020 715 1181 806 ternporir
1205 706 1392 789 momentis*
1412 696 1537 773 fuerint
1560 712 1696 799 compa·-

337 840 453 912 ratae,
477 818 604 919 singula
628 820 782 915 corporis
808 814 972 889 elementa
997 818 1030 882 in
1057 808 1151 881 lineis
1174 807 1228 879 vel
1250 806 1348 879 tediis
1374 800 1428 874 vel
1450 808 1561 875 curvis
1577 827 1697 876 ruove-
1735 906 1739 911 1

336 926 483 1010 buntur,
505 931 562 1005 ac,
584 915 607 989 sr
625 926 721 992 unius
738 937 850 991 motus
868 922 933 989 crit
951 912 1207 999 determinatus,
1237 906 1335 983 sunul
1359 924 1466 977 rnotus
1492 912 1593 979 totius
1619 928 1695 977 cor·

340 1030 433 1127 poris
461 1014 647 1095 innotescit.

884 1182 1158 1266 conorr.a

435 1326 511 1401 278.
534 1316 668 1411 Corpus
687 1327 795 1382 autern
811 1310 850 1382 ab
869 1303 1035 1404 ejusmodi
1053 1308 1176 1379 viribus
1197 1300 1369 1378 sollicitari
1387 1306 1539 1401 ponitur,
1557 1324 1643 1401 quae
1663 1300 1698 1368 in

233 1502 235 1507 Ι
332 1415 466 1517 singula
482 1418 635 1513 corporis
651 1411 817 1484 elementa
842 1418 888 1482 ita
909 1427 1033 1511 agunt,
1065 1428 1103 1481 ut
1127 1406 1191 1480 fint
1215 1402 1321 1477 rnaffis
1356 1429 1477 1477 eorum
1504 1403 1698 1501 proportio·

222 1608 224 1612 Ι
330 1517 433 1605 mles,
453 1537 486 1590 et
502 1511 683 1587 secundum
703 1510 908 1587 diredliones
933 1519 1021 1585 inter
1039 1505 1072 1583 se
1087 1505 1257 1612 parallelas
1275 1526 1383 1607 agant.
1440 1504 1571 1579 Deinde
1588 1504 1697 1603 requi·

332 1625 420 1690 ritur
439 1675 450 1703 ‚
478 1634 513 1689 ut
530 1640 652 1713 corpus
671 1620 770 1687 initio
787 1613 839 1687 vel
854 1610 957 1691 suerit
974 1618 1135 1715 inquiete
1153 1671 1163 1699 ‚
1191 1608 1246 1685 vel
1273 1628 1405 1681 motum
1427 1600 1596 1707 acceperit
1619 1604 1697 1707 pro·¹

331 1716 512 1819 greilrvunr
529 1742 651 1817 pururu
669 1774 679 1811 ,
708 1742 777 1815 quo
793 1715 919 1813 lingula
935 1722 1003 1809 eius
1021 1713 1188 1786 elementa
1202 1710 1425 1786 celeritatibur
1439 1708 1631 1811 aequalibus
1649 1702 1696 1781 le·

333 1818 483 1894 cundum
501 1816 641 1892 eandem
661 1818 884 1891 directionem
902 1820 1036 1888 nroveri
1051 1820 1239 1917 coeperint.

851 1984 1182 2061 SCHOLION.

440 2127 516 2200 279.
547 2107 580 2175 si
599 2108 673 2196 quis
689 2102 844 2185 dubitet,
872 2126 914 2171 an
929 2098 1052 2175 dentur
1076 2102 1242 2195 ejuuuodi
1260 2109 1378 2190 uires,
1405 2127 1490 2202 quae
1516 2106 1551 2171 iu
1573 2097 1700 2203 lingula

338 2213 494 2307 corporis
511 2203 676 2277 elementa
695 2211 735 2275 ita
752 2223 876 2306 agant,
904 2222 941 2271 ut
968 2203 1030 2275 lint
1055 2200 1161 2299 uraisrs
1174 2230 1306 2279 ¹corum
1332 2202 1635 2303 proportionales,
1663 2200 1700 2272 sr-

340 2309 478 2409 ruulque
502 2334 539 2378 ea
567 2302 747 2379 secundum
770 2302 911 2379 eundern
939 2300 1162 2379 diredlioueru
1188 2303 1394 2381 sollicitent?
1416 2305 1608 2404 exemplum
1629 2310 1701 2404 qui·

340 2409 417 2481 dcrn
440 2414 611 2509 gravitatis
634 2404 751 2481 adduci
776 2401 909 2508 pollet,
937 2431 1039 2504 quae,
1056 2428 1093 2479 ut
1118 2415 1184 2503 jaru
1208 2404 1305 2508 supra
1327 2416 1544 2493 notavimus,
1577 2404 1715 2505 singula·

342 2537 528 2611 corporum
547 2510 711 2581 elernentu
729 2506 916 2609 etquidem
935 2533 998 2605 pro
1013 2515 1144 2581 ratione
1161 2506 1281 2583 mariae
1303 2508 1416 2581 afficit.
1472 2512 1602 2580 Verum
1621 2510 1703 2587 haec

341 2617 529 2713 proprietas
558 2628 687 2681 tanturn
720 2616 756 2681 in
785 2610 984 2708 corporibus
1020 2627 1090 2680 tarn
1127 2618 1266 2713 exiguae
1295 2610 1394 2683 rnolis
1423 2608 1553 2681 admitti
1583 2607 1703 2709 potest,

340 2734 379 2785 ut
397 2739 475 2814 prae
492 2712 639 2783 dillantia
657 2738 674 2781 a
690 2731 807 2785 centro
830 2730 938 2784 terrae
963 2736 1027 2811 pro
1054 2710 1163 2784 nihilo
1185 2714 1299 2785 haberi
1319 2731 1444 2815 queatr
1473 2712 1497 2783 sr
1516 2717 1608 2783 enirn
1625 2734 1700 2781 cor-

341 2842 402 2915 pus
424 2814 587 2915 insignem
603 2816 717 2884 habeat
732 2814 886 2898 rnolcnr,
912 2820 979 2907 ejus
997 2813 1188 2903 elementa,
1213 2842 1298 2914 quac
1321 2843 1340 2884 a
1365 2834 1484 2885 centro
1505 2832 1700 2885 terrae-tna·

344 2924 392 3015 gis
408 2924 560 2985 minusue
578 2912 696 2985 dillant
714 2971 724 3006 ,
747 2912 934 3013 inaequales
950 2914 1097 2983 acliones
1115 2923 1287 3013 gravitatis
1301 2912 1456 2987 subibunt
1471 2948 1481 3007 3
1507 2914 1629 2987 deinde
1652 2933 1701 2987 cr·

344 3024 412 3088 iarn
429 3012 631 3113 firrgularurn
647 3019 770 3084 virium
787 3010 988 3083 directiones
1009 3070 1017 3098 ,
1050 3020 1174 3114 quippe
1199 3044 1284 3117 quae
1306 3024 1394 3089 circa
1418 3036 1574 3089 centrum
1593 3036 1703 3089 terrae

345 3133 587 3213 convergunt,
613 3140 683 3184 non
701 3113 840 3213 amplius
858 3140 921 3212 pro
939 3114 1102 3211 parallelis
1121 3117 1236 3190 haberi
1255 3114 1405 3219 polluat.
1477 3114 1543 3191 Sed
1567 3120 1622 3190 hic
1640 3124 1703 3191 rui·

345 3223 437 3290 nime
453 3215 494 3289 de
513 3242 554 3287 eo
571 3221 764 3317 quaeritur,
786 3242 826 3286 an
841 3212 1005 3307 ejusmodi
1025 3223 1131 3306 viret,
1155 3219 1268 3319 quales
1283 3226 1318 3291 in
1334 3224 1568 3293 Tlreoreurate
1584 3212 1704 3291 affirm·

346 3318 474 3415 sunus,
496 3323 530 3389 in
545 3316 673 3389 inundo
686 3318 822 3389 cxillnnt
841 3322 852 3387 ?
881 3312 999 3389 sufficit
1016 3324 1121 3411 euim,
1136 3330 1206 3415 ejus
1225 3328 1402 3395 veritatem
1427 3348 1491 3419 pro
1514 3322 1631 3393 talibus
1655 3326 1705 3393 ui·

349 3423 440 3495 ribus
458 3418 515 3491 etsr
535 3414 623 3491 forte
642 3418 726 3489 fictis
749 3412 928 3521 agnouillc.
1002 3416 1112 3526 Quod
1134 3444 1247 3497 autern
1274 3420 1315 3495 de
1342 3424 1534 3497 lris'viribus
1560 3422 1704 3497 denton-

245 3546 248 3553 ’
349 3524 547 3609 stravimus,
573 3518 661 3591 idern
689 3526 788 3591 etiarn
818 3519 859 3591 dc
883 3518 963 3603 aliis,
979 3547 1062 3621 quae
1086 3524 1138 3593 his
1154 3524 1402 3628 aequivaleant‚
1430 3524 1578 3617 valebit3
1605 3542 1704 3627 atque

349 3628 430 3695 hinc
453 3640 523 3693 erat
541 3620 806 3709 exordiendum,
834 3620 1015 3721 siquidem
1043 3617 1201 3699 effedlum
1226 3654 1501 3727 quarumcunque
1524 3633 1650 3699 virium
1672 3634 1706 3699 in

351 3750 495 3821 corpora
513 3720 618 3821 rigida
634 3730 805 3823 agentium
822 3720 977 3820 indagare
995 3723 1150 3803 veinnas.
1226 3726 1357 3901 Quales
1378 3755 1460 3801 vcro
1479 3736 1565 3803 vires
1591 3730 1643 3801 his
1659 3716 1706 3801 as·¹

352 3822 467 3895 surntis
486 3824 716 3922 aequivaleant
733 3884 742 3913 ‚
772 3823 881 3924 pofito
896 3820 1017 3895 scilicet
1033 3852 1180 3925 corpore
1195 3832 1259 3930 rigi
1286 3858 1308 3903 o
1325 3890 1336 3927 ,
1362 3838 1396 3901 in
1416 3834 1534 3902 Statica
1551 3828 1706 3918 docetur,

354 3926 442 3997 unde
462 3926 673 4025 investigatio
699 3931 795 3999 unius
822 3932 869 3995 vis
892 3924 955 3997 illis
982 3930 1220 4027 aequivalenris
1247 3934 1291 4005 cll
1316 3938 1506 4007 haurienda.
1561 3936 1708 4007 Eatenus

353 4048 465 4101 autern
484 4048 610 4099 tanturn
628 4025 780 4099 redutlio
798 4034 950 4099 omniurn
970 4027 1103 4105 illarum
1129 4022 1335 4107 infinitaruru
1360 4041 1484 4105 viriuur
1507 4031 1549 4103 ad
1574 4044 1709 4109 unicam

354 4130 452 4201 habet
467 4126 605 4216 locutu,
636 4148 796 4229 quatenus
812 4156 933 4228 corpus
952 4130 995 4201 eil
1015 4130 1159 4233 rigidum
1183 4193 1193 4221 ‚
1233 4140 1476 4235 narrationique
1501 4136 1631 4223 figurae
1655 4164 1708 4211 re·

355 4230 432 4302 lillit
464 4288 474 4315 ‚
517 4228 654 4303 fieuiru
678 4238 789 4301 omnia
826 4239 895 4325 ejus
931 4232 1134 4307 elcrneutaa
1178 4232 1212 4305 le
1252 4244 1398 4307 invicem
1421 4214 1571 4334 -prorlus
1603 4236 1708 4315 ell'cut

355 4326 544 4419 dissoluta,
593 4330 671 4403 loco
705 4335 824 4403 haruin
860 4335 982 4400 virium
1021 4330 1133 4423 alins,
1188 4362 1270 4433 quae
1309 4336 1383 4435 ipsis
1412 4334 1560 4436 perfedlc
1594 4350 1710 4444 aequi·

355 4434 508 4507 valerent
540 4490 551 4522 ,
601 4428 794 4507 subilituere
819 4452 890 4505 non
930 4430 1054 4503 licerer.
1130 4438 1232 4509 Nunc
1265 4445 1365 4541 igitur
1404 4448 1489 4516 ratio
1519 4443 1711 4545 rigiditatis,

1650 4546 1710 4621 leu
