4092 5134
876 163 941 211 X

337 372 340 377 ’
500 412 672 495 ··flss'
746 414 1099 517 ·lsstflssitifflffi
1139 424 1253 529 {affl
1648 460 1714 547 ¹57

731 596 1110 763 CA'PUT
1200 610 1326 761 IV.

355 838 451 945 nn
482 824 1069 989 anartiumnonn
1108 840 1352 951 Morus
1384 762 1713 953 Granio-'¹

442 1138 451 1151 ..
507 1004 575 1089 th
598 1006 640 1088 A
663 1005 877 1106 VlRlBUS
901 990 1356 1144 QJlBUSCllNQlE
1379 1008 1571 1102 ORTA.¹

762 1236 1189 1311 Pnontama
1246 1262 1298 1314 m

457 1440 528 1519 398.
547 1355 600 1503 Si
636 1448 757 1523 corpus
793 1419 940 1522 rigidum
975 1427 1063 1495 circa
1091 1427 1202 1497 axeun'
1225 1428 1330 1503 lixum
1367 1452 1507 1528 gytetur
1539 1433 1708 1507 celeritate
1825 1510 1832 1525 ,

354 1551 553 1627 quacunque
570 1524 740 1625 angulari,
766 1529 917 1597 invenire
935 1528 1021 1595 vires
1038 1523 1269 1619 elementares,
1285 1560 1303 1603 a
1321 1539 1442 1635 quibus
1460 1534 1539 1607 dato
1562 1556 1707 1637 tempus·

356 1627 436 1701 culo
455 1647 569 1703 motus
582 1624 748 1727 angularis
769 1625 881 1699 datam
904 1624 1182 1701 accelerationem
1206 1629 1415 1731 adipiscatur.

889 1784 994 1887 sor
1014 1814 1172 1914 arra.

349 2028 358 2051 ,
448 1963 497 2032 Sit
513 1960 698 2036 aceleritas
713 1957 899 2061 angularis,
922 1983 986 2056 qua
1004 1952 1138 2047 scilicet,
1154 1961 1178 2034 li
1196 1980 1308 2035 motus
1325 1968 1521 2066 gyratotiur
1539 1958 1619 2035 effet
1632 1968 1704 2035 nui-

357 2056 492 2150 sotmis‚
510 2063 643 2163 lingulis
660 2069 797 2134 minutis
827 2056 976 2132 secundis
1000 2060 1184 2137 conficeret
1204 2063 1363 2165 angulum
1379 2101 1418 2135 =
1433 2094 1481 2148 u,
1508 2085 1632 2136 tautam
1649 2092 1704 2135 au-

358 2187 431 2239 tem
444 2185 554 2236 motus
571 2171 720 2264 accipere
738 2163 855 2237 debeat
870 2160 1168 2253 accelerationem,
1194 2187 1230 2237 ut
1248 2162 1358 2265 elapso
1376 2166 1583 2265 tempuscnlo
1596 2169 1634 2240 dt
1650 2195 1704 2238 ce·
1743 2216 1748 2221 -

358 2266 469 2340 letitas
485 2266 650 2367 augularis
667 2266 725 2338 liat
740 2276 856 2351 =8†
870 2263 922 2338 da.
972 2262 1213 2341 Conlidetetur
1236 2275 1300 2360 jam
1326 2274 1478 2367 corporis
1499 2266 1705 2357 elementum

331 2386 335 2401 ·'
358 2366 585 2470 quodcunque
601 2369 665 2442 ΛΜ
681 2427 691 2454 ,
717 2374 808 2461 cujus
822 2361 970 2464 dillantia
985 2362 1023 2431 ab
1039 2390 1100 2437 axe
1122 2373 1304 2469 gyrationis
1320 2366 1360 2439 su
1374 2402 1413 2437 =
1426 2396 1456 2455 r,
1472 2364 1618 2468 ideoque
1636 2376 1705 2463 ejus

359 2468 511 2542 celeritas
526 2504 565 2539 =
583 2497 641 2555 re,
667 2496 768 2567 utrae,
795 2491 872 2540 cum
884 2460 1030 2535 dillautia
1045 2492 1142 2567 rpro
1157 2468 1278 2541 eodem
1295 2468 1464 2543 elemento
1480 2489 1611 2563 maneat
1625 2497 1706 2541 con·

359 2570 444 2645 ilaus
463 2627 473 2656 ,
495 2569 702 2671 tempusculo
720 2573 760 2644 dt
773 2566 989 2669 augmentum
1004 2573 1154 2667 accipere
1168 2573 1268 2643 debet
1283 2604 1323 2640 =
1339 2570 1411 2647 rdet.
1469 2570 1522 2641 nd
1541 2574 1605 2643 hoc
1621 2597 1705 2670 ergo

361 2666 491 2744 neceffe
508 2671 578 2757 eil,
617 2688 653 2741 nt
670 2667 805 2740 mallula
821 2671 887 2740 ΑΜ
901 2662 1083 2734 secundnm
1100 2672 1323 2739 diret‘lionem
1339 2690 1447 2737 motus
1475 2662 1669 2742 sollicitetur
1688 2698 1707 2739 a

359 2766 396 2845 ¹vi
412 2778 588 2871 quapiam,
614 2794 697 2865 quae
714 2766 738 2836 li
755 2771 913 2858 tantisper
926 2782 1072 2861 ponatur
1088 2799 1126 2833 =
1136 2789 1178 2867 p,
1194 2774 1256 2838 erit
1273 2792 1333 2865 pet
1351 2782 1460 2837 motus
1479 2775 1642 2867 principia
1655 2765 1706 2839 su·

315 2950 325 2960 ·
359 2947 423 3023 pra
442 2915 580 2993 stabilita
592 2916 656 2993 rde
674 2946 714 2984 =
735 2864 984 3035 {lv-13:0⁰²>
1005 2940 1016 3009 ;
1046 2911 1134 2986 unde
1160 2922 1210 2989 vic
1234 2921 1312 2991 huic
1331 2914 1497 2989 elemento
1515 2914 1709 3019 applicanda

534 3088 616 3149 rdM
686 3084 738 3145 (18

358 3149 399 3225 fit
419 3169 443 3252 p
466 3176 505 3215 =
534 3176 634 3281 3?
680 3172 744 3257 35.
798 3143 933 3244 Singula
946 3168 1031 3244 ergo
1047 3150 1200 3246 corporis
1217 3140 1384 3221 elementa
1404 3142 1585 3223 secundum
1602 3142 1707 3249 ipsam
1810 3124 1813 3129 ¹
1851 3146 1857 3157 '

1423 3282 1432 3321 Ι

312 3382 320 3427 ⁸
358 3390 471 3451 motus
487 3363 535 3447 [ui
548 3363 772 3439 duellionem
787 3360 956 3437 sollicitari
978 3366 1134 3442 debenta
1150 3372 1275 3443 viribus
1296 3405 1336 3441 =
1355 3318 1457 3487 {a}
1474 3366 1707 3451 rdebidM

360 3514 519 3615 exprimit
535 3500 669 3577 massam
685 3510 844 3603 cujusque
861 3497 1047 3583 elementi,
1067 3524 1102 3578 et
1122 3532 1143 3577 r
1163 3513 1231 3599 ejus
1253 3449 1438 3587 distantiat
1460 3504 1500 3575 ab
1521 3529 1594 3583 axe.
1645 3507 1708 3575 At·

360 3641 427 3715 que
442 3614 505 3683 hae
524 3604 598 3679 sunt
618 3611 705 3677 vires
720 3604 963 3691 elementares,
990 3630 1075 3703 quae
1099 3603 1224 3704 fingula
1247 3611 1400 3706 corporis
1426 3603 1592 3679 elementa
1614 3597 1706 3677 solli·

361 3722 497 3789 citantes
512 3727 645 3781 motum
660 3712 870 3806 gyratorium
889 3711 934 3775 ita
948 3706 1159 3797 accelerant,
1181 3728 1217 3781 ut
1232 3709 1382 3784 celeritas
1399 3704 1564 3811 angularia
1579 3730 1608 3809 υ,
1622 3724 1708 3781 tent·

357 3813 501 3919 puactrlo
514 3814 554 3888 dt
569 3814 708 3908 accipiat
729 3825 946 3908 augmentum
961 3806 1019 3895 da,
1051 3832 1055 3837 ·
1145 3812 1155 3905 J

885 4003 1136 4080 COROLl.
1166 4028 1195 4077 1.

714 4137 764 4197 (18

468 4213 541 4287 399
578 4194 665 4267 Cum
692 4224 786 4332 ᾗ
805 4217 870 4292 pro
891 4193 1047 4287 omuibus
1067 4190 1243 4267 elementis
1267 4197 1421 4296 corporis
1444 4184 1591 4265 eundem
1607 4187 1710 4257 'valo-

362 4358 440 4405 rem
460 4337 599 4411 retineat
621 4369 648 4417 ,·
665 4336 752 4403 vires
781 4331 999 4405 elementares
1023 4329 1099 4407 suut
1121 4339 1157 4405 in
1179 4340 1310 4407 ratione
1329 4328 1513 4431 campolita
1530 4318 1708 4397 nullarum

364 4428 781 4534 earumque-distantiarum
796 4436 834 4507 ab
851 4461 909 4506 axe
924 4441 1120 4537 gyrationis.
1172 4434 1328 4538 Singulae
1344 4451 1456 4506 autem
1472 4431 1534 4500 hae
1547 4418 1707 4591 uiressrp·

394 4540 398 4547 ⁵
1026 4538 1062 4606 U
1090 4562 1107 4625 3
1625 4546 1669 4623 gil
1684 4546 1711 4592 ts
