4092 5134
452 530 476 567 '
813 547 1146 622 cantianam
1180 548 1210 623 a.

441 714 484 785 aa
519 703 608 774 Cum
626 697 691 772 loci
712 692 821 769 ideam
839 692 1080 789 deliniverim,¹
1095 714 1198 797 prout
1217 721 1291 773 eam
1308 694 1450 803 quidem·
1466 696 1621 780 sensuum
1643 710 1694 802 im·

340 801 468 877 dicium
490 800 696 907 suppeditat,
724 796 798 871 idea
820 824 910 870 uiroc
934 822 1073 901 quoque
1095 807 1277 900 temporis,
1308 828 1380 904 quae
1395 810 1430 875 in
1446 813 1589 882 notione
1602 813 1695 910 quie·

339 912 382 979 tir
398 930 438 987 ac
452 924 564 991 motus
590 903 800 1003 implicatur,
814 906 978 993 occurrit.
1006 955 1009 963 .
1028 902 1225 975 Druncnim
1239 902 1334 1002 quies
1346 924 1507 1005 perpetua
1520 914 1556 981 in
1570 906 1696 982 eodem

318 1006 422 1105 ,locq
460 1015 679 1111 permanentia
724 1000 874 1098 dicitur,
917 1002 984 1073 hoc
1015 995 1124 1098 ipsum
1142 1025 1326 1105 perpetuum
1345 1006 1398 1078 vel
1417 1030 1603 1111 permanens
1626 1008 1695 1083 sme

340 1117 504 1209 temporis
529 1116 670 1180 notione
695 1103 837 1202 intelligi
862 1107 994 1202 nequir.
1048 1105 1176 1175 Verum
1199 1125 1312 1177 motus
1341 1105 1415 1180 idea
1441 1118 1604 1210 temporis
1633 1138 1695 1185 uo·

318 1301 320 1304 .
342 1219 470 1284 tionem
490 1217 593 1311 stragis
609 1205 777 1281 evolutam
793 1201 946 1303 pullulat,
977 1226 1017 1292 ex
1032 1227 1099 1302 qua
1113 1211 1213 1276 etiam
1230 1203 1521 1309 divifiotemporis
1536 1219 1570 1284 iu
1585 1235 1695 1313 partes

339 1312 409 1387 seve
423 1313 576 1415 aequales
592 1310 660 1383 five
685 1304 860 1406 inaequales
882 1309 1009 1404 percipi
1030 1324 1142 1404 queat.
1193 1309 1287 1381 Dum
1309 1316 1399 1383 enim
1423 1313 1586 1411 punilum
1608 1314 1695 1387 Osr-

341 1435 416 1487 tum
445 1411 599 1511 respedlu
625 1415 776 1510 corporis
806 1411 836 1479 A
861 1423 988 1495 nuuat3
1017 1407 1088 1477 bac
1104 1414 1247 1480 mutatio
1276 1408 1609 1515 cognoscinequit,
1633 1415 1697 1492 nili

339 1512 466 1616 quamn
484 1519 625 1593 mutatio
643 1515 764 1613 quovis
780 1527 933 1606 tempore
943 1504 981 1579 lit
994 1501 1092 1594 feda,
1113 1509 1355 1610 intelligamus:
1399 1518 1548 1615 Si‘ergo‚
1566 1534 1603 1588 ut
1621 1516 1706 1616 plu:
1803 1528 1806 1533 ·

342 1619 435 1688 ribus
454 1615 578 1717 placer,
600 1619 760 1711 temporis
785 1616 939 1683 notitiam
959 1606 1113 1698 aliunde,
1139 1609 1202 1683 nili
1227 1636 1268 1685 ex
1292 1612 1557 1689 confideretione
1571 1637 1694 1706 moun,
1751 1624 1754 1628 ’

340 1724 477 1791 haurire
493 1743 563 1789 non
579 1715 711 1802 liceret,
737 1738 848 1813 neque
863 1730 992 1808 tempus
1007 1708 1076 1781 sme
1094 1729 1204 1799 motu,
1227 1740 1337 1814 neque
1360 1732 1493 1788 motum
1516 1714 1585 1791 line
1610 1738 1696 1790 teur-

331 1848 425 1923 ,pore
461 1813 665 1921 cognoscere
699 1810 888 1917 pollemus,
936 1817 1087 1883 neutrius
1123 1837 1209 1913 ergo
1235 1843 1383 1917 uuquam
1409 1817 1513 1890 ullam
1536 1826 1696 1892 notitiam
1780 1806 1785 1834 ²

342 1918 483 1996 cllemus
499 1916 684 2007 consecuti.
735 1913 947 1991 Divilionem
965 1911 1105 2014 quidem
1120 1923 1288 2015 temporis·
1300 1945 1341 1990 ex
1355 1940 1467 1992 motus
1488 1923 1695 2023 couterupla-
1736 1973 1737 1977 =

341 2031 447 2121 tione,
464 2021 541 2096 solis
559 2018 696 2107 scilicet,
704 2015 893 2112 didicimus,
918 2041 1037 2088 verum
1046 2013 1238 2089 sinemurus
1254 2015 1398 2093 lubfidio
1410 2020 1563 2096 videmur
1577 2049 1696 2126 appre-

341 2120 511 2213 hendiffe,
541 2118 628 2224 quid
641 2121 681 2197 fit
697 2141 772 2197 nete
788 2138 820 2192 et
830 2119 915 2221 'poste
937 2113 1028 2189 unde
1054 2114 1128 2190 idea
1147 2113 1355 2195 succeffionis
1378 2119 1499 2222 sponte
1525 2121 1617 2226 sequi
1645 2130 1695 2198 vi-

342 2228 452 2309 detur.
492 2232 604 2325 Atque
620 2220 751 2298 etiamsi
775 2244 839 2294 nos
864 2224 1030 2320 temporis
1059 2227 1305 2298 accuratiorem
1329 2231 1488 2299 notitiam
1506 2225 1695 2301 considera.

297 2364 303 2368 ·
343 2323 431 2405 tioui
449 2346 560 2400 motus
578 2323 777 2412 debeamus,
799 2325 879 2395 hinc
893 2339 1006 2394 tamen
1019 2318 1174 2393 nondum
1191 2318 1360 2425 sequitur,
1385 2345 1515 2429 tempus
1529 2334 1565 2401 in
1590 2325 1624 2401 se
1645 2335 1696 2402 ui·
1765 2362 1771 2369 ·

328 2431 395 2508 bil
412 2424 477 2507 effe
492 2447 610 2530 praeter
625 2429 777 2501 nollrum
792 2441 1008 2523 conceptum.
1063 2421 1154 2524 Quid
1172 2431 1263 2498 enim
1285 2426 1350 2501 lint
1374 2425 1443 2501 duo
1467 2435 1628 2533 temporis
1645 2437 1698 2507 iu·

345 2531 486 2609 terualla
509 2529 664 2633 aequalia?
707 2526 846 2629 quilibet
870 2523 1045 2627 intelligit,
1081 2523 1378 2607 cerauniorum
1407 2557 1475 2604 nun
1502 2559 1579 2605 uam
1602 2537 1699 2606 in'iie

312 2687 314 2690 -
345 2634 487 2738 aequales
501 2639 702 2707 mutationes
714 2638 887 2716 eveniant,
911 2627 1084 2727 exquibus
1100 2626 1192 2699 illam
1205 2629 1428 2729 aequalitatem
1444 2559 1523 2707 colli
1551 2660 1608 2706 ere
1621 2629 1699 2732 pos·
1802 2652 1805 2657 ’

345 2737 397 2816 fit.
448 2733 617 2834 Quicquid
640 2737 743 2830 igitur
766 2728 808 2800 de
831 2732 995 2825 temporis
1018 2723 1112 2795 fluxu
1135 2726 1340 2825 dilceptetur
1356 2736 1446 2803 inter
1461 2661 1699 2833 Philosophos,

346 2838 390 2914 ad
404 2854 518 2910 motus
530 2835 762 2933 cognitionem
775 2833 937 2927 temporis
952 2820 1108 2898 mensura
1122 2830 1169 2897 uti
1181 2823 1359 2928 debemus,
1377 2829 1701 2934 concedendumque

347 2939 406 3028 cll,
423 2958 552 3035 tempus
575 2931 682 3006 ita*ab
714 2936 808 3004 omni
829 2946 926 2999 motu
944 2924 1210 3026 independenter
1235 2926 1364 3030 fluere,
1392 2950 1430 3004 ut
1448 2937 1484 3005 in
1510 2961 1554 3008 eo
1577 2954 1698 3037 partes,

345 3057 417 3117 tam
432 3034 590 3138 aequales,
613 3059 715 3133 quam
733 3026 916 3106 secundum
931 3035 1099 3101 rationem
1120 3055 1354 3132 quamcunque
1374 3034 1566 3135 inaequales,
1582 3044 1701 3113 conci·

335 3169 427 3245 ,pere
445 3139 551 3212 liceat.
602 3138 669 3239 Qui
690 3138 776 3208 banc
796 3132 893 3205 nobie
919 3135 1055 3203 ueniam
1081 3126 1305 3222 recusaverit,
1340 3160 1480 3211 omnem
1505 3154 1618 3210 motus
1640 3164 1700 3212 co·

298 3331 301 3335 ¹
345 3246 537 3348 gnitioueru
556 3235 703 3311 funditus
729 3232 924 3325 lullulerit„
954 3235 1109 3331 Tempus
1132 3238 1236 3333 igitur
1258 3233 1400 3334 perinde
1423 3235 1521 3309 uobis
1544 3238 1642 3310 liceat
1663 3245 1700 3316 in

347 3343 512 3421 calculum
527 3335 765 3426 introducere,
792 3360 829 3409 ac
844 3334 947 3408 lineas
963 3334 1110 3436 aliasque
1125 3332 1373 3436 magnitudines
1388 3342 1624 3438 geometricae.

818 3489 1252 3578 oratu1T10.4,.

447 3665 495 3738 ¹9·
518 3635 557 3715 Iri
571 3654 668 3712 motu
683 3635 802 3738 pruni·
812 3634 954 3740 spatium
969 3656 1111 3754 uocqtur
1127 3644 1199 3736 via,
1227 3663 1328 3740 quam
1348 3639 1622 3738 punr'lum'motu
1637 3635 1699 3716 suo

324 3750 522 3855 ,pereuntia
532 3766 616 3842 quae
630 3765 709 3845 cum
722 3737 762 3813 fir
774 3738 871 3828 linea,
882 3747 947 3814 erit
957 3738 1011 3815 ael
1026 3740 1117 3815 tedia
1133 3739 1189 3816 vel
1204 3766 1315 3817 curva.
1343 3742 1409 3817 Illo
1423 3740 1500 3819 casu
1523 3765 1626 3822 motus
1647 3741 1714 3827 di·‚
1812 3754 1815 3759 '

344 3853 430 3921 citur
443 3846 635 3931 recidimus,
657 3843 725 3916 hoc
745 3866 829 3921 vero
844 3845 1046 3917 remilinus.

887 3993 1108 4119 canoel,
1124 4019 1150 4076 u

445 4168 499 4219 ao
525 4143 736 4220 Cum'aliam
761 4140 869 4217 adbuc
890 4162 1020 4231 motus,
1056 4142 1119 4217 nisr
1142 4136 1339 4247 rel'pedliai,
1365 4142 1475 4220 ideam
1491 4173 1563 4223 uon
1579 4108 1701 4224 labeas
1764 4172 1767 4177 ’

302 4278 306 4285 ·
343 4240 935 4442 ffisa’eslmffitfiqxsesfflnllssffl
950 4242 1171 4354 descripta-'ad
1188 4273 1322 4354 corpus,
1344 4257 1439 4351 eujus
1455 4247 1609 4356 respedu
1623 4279 1701 4329 mo·

993 4500 1020 4602 a
1402 4448 1405 4452 ’
1522 4499 1702 4629 conara·
