4092 5134
818 306 1267 432 enarrarre.¹
1354 346 1359 353 ·

345 548 524 661 tialium,
554 547 830 638 variationem
856 558 1335 673 momentaneam-hujus
1356 562 1497 650 motus
1519 560 1715 651 delmien·

343 709 468 814 tium,
502 699 721 814 integratio
749 700 939 787 maxima
963 705 1167 818 premitur
1187 674 1441 818 difficultate,
1504 710 1716 829 Aequatio

345 847 626 939 differentialis
643 843 865 935 celeritatis
884 850 1093 966 angularis
1117 857 1393 944 variationem
1415 865 1656 976 exprimens
1665 860 1718 979 li-

343 1018 413 1088 cet
426 1002 479 1090 ad
501 1000 798 1117 separationem
824 1001 1088 1090 variabilium
1121 1004 1265 1092 reduci
1287 1028 1431 1120 queat,
1448 1036 1452 1045 ·
1470 1010 1715 1126 paucilllmis
1739 990 1743 997 ¹
1821 1099 1827 1103 .

340 1148 482 1241 tamen
497 1153 656 1241 cafibus
674 1152 883 1265 exceptis,
922 1154 1412 1272 receptasexprellr'ones
1440 1188 1616 1249 arcuum
1638 1163 1716 1249 cir·

342 1307 546 1395 aulariura
560 1300 630 1401 vel
648 1298 992 1421 logarithmorum
1004 1300 1181 1420 respuit
1231 1282 1346 1398 Huic
1367 1309 1537 1427 quidem
1557 1313 1716 1397 incom-
1848 1286 1851 1293 ⁵

340 1457 472 1544 modo
499 1454 637 1570 aliqua¹
661 1456 821 1538 ratione
845 1450 1056 1539 medelam
1068 1452 1191 1541 affert
1218 1485 1329 1549 cnr„¹
1343 1485 1584 1573 ¹avaron,
1619 1454 1715 1546 loeo
1834 1446 1839 1463 '

342 1600 562 1692 celeritatis
590 1600 797 1717 angularis
831 1598 1135 1689 introducendo
1160 1603 1284 1693 aliam
1306 1608 1562 1719 variabilem,
1583 1635 1713 1723 aqua

323 1752 528 1841 ,celeritas
543 1751 750 1870 angularis
765 1749 966 1871 pendeat:
981 1751 1121 1839 'nihilo
1135 1735 1277 1844 tamen
1289 1755 1419 1846 secius
1433 1788 1546 1849 nova
1560 1786 1714 1874 aequa·

335 1905 399 1990 'tio
417 1902 698 1992 differentialis
713 1902 810 1990 inde
824 1923 917 2029 orta
930 1905 989 1989 ita
1004 1901 1070 1990 est·
1085 1918 1346 2023 comparata,
1374 1926 1423 1993 ut
1435 1936 1521 1996 non
1541 1907 1613 1995 nifi
1636 1934 1713 2024 per

339 2066 462 2144 arcus
478 2052 699 2142 leilionurn
714 2056 955 2141 conicarum
975 2054 1069 2168 ejus
1098 2055 1319 2173 integratio
1348 2058 1538 2174 expediri
1565 2078 1712 2173 queat,

342 2206 454 2292 unde
484 2236 562 2292 nec
598 2204 731 2294 ullum
767 2202 1041 2322 commodum
1070 2205 1124 2292 ad
1153 2205 1359 2294 calculum
1381 2207 1713 2324 prosequendum
1793 2323 1795 2326 Α

338 2353 564 2464 redundat,
594 2352 739 2441 necad
761 2351 907 2441 datum
931 2372 1099 2468 tempus
1125 2351 1316 2444 celeritas
1339 2351 1548 2476 angularis
1571 2356 1712 2477 colligi
1935 2469 1937 2477 Ι

337 2507 481 2624 potest.
539 2506 687 2619 Quare
701 2478 799 2591 cum
813 2499 1019 2590 formulae
1033 2498 1156 2589 fitum
1170 2506 1266 2592 axis
1280 2508 1508 2621 gyrationis
1526 2503 1711 2622 respedtu
1780 2490 1786 2507 ’

339 2664 487 2747 axium
498 2654 787 2774 principalium
801 2651 1044 2740 definientes
1058 2682 1084 2736 a
1114 2648 1534 2762 celeritate-angulari
1556 2653 1751 2768 pende-2·
1782 2650 1785 2659 ’
1840 2696 1847 2703 ·

338 2808 439 2915 ant,
459 2799 697 2895 universalis
711 2802 977 2918 problematis
993 2797 1138 2887 {blutio
1154 2792 1371 2883 asubfidiis
1396 2795 1613 2912 analyticis
1632 2828 1711 2889 era

318 2924 489 3079 'pedari
508 2953 662 3072 nequit
674 2968 695 2995 ‘
719 2950 953 3068 Explicatis
967 2934 1109 3066 itaque
1124 2943 1547 3060 casibus-quibusdam
1563 2944 1713 3066 specia-

332 3110 441 3197 libus
464 3088 694 3220 ¹perfodiam
711 3098 954 3187 solutionem
970 3096 1308 3208 admittentibus,
1325 3116 1374 3185 ut
1392 3097 1709 3211 quodammodo

335 3258 549 3347 aestimare
566 3249 708 3358 liceat,
738 3248 882 3364 quales
897 3250 962 3335 hic
978 3271 1119 3336 motus
1136 3248 1183 3335 fit
1198 3244 1390 3354 futurus,
1412 3243 1467 3331 ad
1484 3245 1719 3339 subsidium.

333 3405 548 3530 quoddam
574 3382 864 3487 mechanicum
894 3399 1096 3512 confugit·
1139 3421 1245 3482 css.
1274 3402 1506 3503 Avcron,
1541 3414 1707 3487 motum

331 3554 482 3648 scilicet
496 3547 666 3668 penduli
681 3575 755 3662 per
770 3548 991 3651 circulum3
1019 3579 1068 3636 ac
1086 3543 1272 3634 concella
1295 3563 1435 3633 motus
1457 3543 1705 3633 determina*-

331 3716 466 3814 tione,
496 3720 581 3818 quo·
598 3726 749 3816 corpus
776 3726 906 3815 grave
916 3704 966 3787 in
982 3698 1210 3816 peripheria
1226 3691 1371 3809 circuli
1388 3693 1459 3786 vel
1482 3693 1703 3784 oscillando
1829 3702 1835 3715 “

333 3863 403 3953 vel
422 3849 679 3946 revolvendo
706 3873 920 3959 movetur,
958 3850 1011 3937 ad
1036 3848 1216 3967 quodvis
1237 3865 1402 3960 tempus
1424 3845 1702 3935 determinare

332 4013 456 4100 docet
475 4006 734 4123 politionem·
750 4003 843 4088 axis
870 4004 1097 4117 gyrationis
1124 3992 1303 4114 respeilu
1325 3998 1474 4082 axium
1498 3999 1704 4116 principa-

330 4166 445 4252 lium.
502 4151 578 4241 Ast
592 4179 695 4241 vero
710 4153 796 4263 jam
811 4148 985 4237 restabat
995 4148 1173 4239 alterum
1185 4146 1455 4269 problematis
1469 4144 1703 4237 relolvendi
1727 4270 1729 4275 Ι

324 4314 608 4415 momentum,
636 4300 925 4390 determinatio
953 4298 1103 4388 scilicet
1123 4302 1221 4389 fitus
1244 4303 1393 4393 axitun
1411 4294 1701 4418 principalium
1838 4412 1845 4426 ,

341 4444 348 4485 ²
546 4456 551 4481 ·'
1479 4438 1696 4559 respedlu
1744 4556 1749 4563 ι
1891 4478 1894 4485 ·

328 4632 508 4685 Ι..
