4092 5134
377 440 434 547 9⁶
562 350 763 519 carue
779 422 850 531 vr.
892 420 972 511 uu
987 420 1543 515 uouuuusrucrrvo-
1558 420 1582 429 ··

373 630 523 729 patitur,
550 618 707 723 pendebit
732 616 772 688 ab
799 622 869 709 ejus
894 612 1067 687 celeritate
1086 610 1262 711 absoluta,
1288 640 1354 717 qua
1371 610 1548 714 spatiolum
1573 620 1629 688 Aa
1647 618 1724 715 pei.

275 758 278 763 ·
323 742 330 773 ¹
375 732 507 814 currit,
535 723 719 821 eaderuque
736 724 785 790 vis
810 724 845 789 in
870 714 1036 789 calculum
1056 742 1122 815 pro
1141 732 1236 789 motu
1263 714 1450 815 respetlivo
1471 716 1643 791 introduci
1664 713 1726 791 de·

372 831 457 919 bet;
483 846 579 925 atque
599 822 733 922 iniignis
757 842 855 892 error
880 820 1174 909 cornmitt'eretur,'
1206 818 1230 891 fi
1256 818 1471 893 resrllentism
1491 846 1531 891 ex
1553 818 1726 895 eeleritate

375 949 488 1005 motus
513 922 717 1025 respeiliui,
754 946 818 1021 qua
850 918 1029 1019 spatiolum
1054 925 1117 993 Aa
1141 920 1340 1009 conficitur,
1378 918 1521 995 definire
1552 920 1725 1005 vellemus.-

375 1032 496 1139 Quem
512 1052 666 1099 errorem
683 1043 720 1096 ut
736 1028 899 1095 evitemus
914 1017 1056 1119 ,³ipsum
1079 1016 1221 1093 fluidum
1240 1080 1251 1109 ‚
1273 1043 1434 1123 qautenus
1458 1020 1606 1097 absolute
1628 1032 1725 1125 quie·

375 1132 462 1218 scit,
488 1153 552 1227 pro
569 1148 665 1199 mom
686 1121 873 1224 respetbivo
888 1122 979 1224 quali
992 1142 1089 1194 motu
1104 1124 1230 1222 aequali
1247 1146 1281 1211 et
1298 1126 1455 1225 opposrto
1472 1134 1527 1212 ei,
1552 1151 1622 1226 quo
1639 1151 1725 1224 puna

375 1236 467 1307 {lum
491 1234 523 1302 Ο
545 1248 729 1323 movetur,
762 1223 944 1311 ferretur,
983 1226 1205 1325 coutemplari
1230 1222 1414 1321 deberuus;
1443 1249 1514 1299 tum
1536 1232 1629 1299 enirn
1648 1224 1726 1299 flul·

373 1334 454 1409 dum
480 1336 545 1405 hoc
566 1351 658 1405 ruotu
684 1325 871 1430 praeditum
886 1353 991 1427 aeque
1006 1324 1128 1399 afficiet
1151 1328 1387 1427 corpusculum
1415 1350 1512 1401 motu
1537 1324 1725 1429 respetlivo

372 1464 434 1539 per
449 1442 510 1511 Aa
525 1430 744 1537 progrediens
760 1488 771 1518 ‚
792 1449 892 1531 etque
908 1425 1049 1501 fluidum
1066 1424 1237 1529 quiescens
1253 1428 1353 1502 afficit
1368 1429 1605 1532 corpusculum
1627 1452 1724 1505 motu

374 1534 526 1611 absoluto
543 1562 603 1637 per
618 1540 678 1608 Aa
698 1530 813 1607 latum.
869 1534 1036 1629 Perpetuo
1060 1551 1171 1603 autem
1196 1537 1329 1633 quoties
1350 1529 1391 1605 de
1416 1553 1512 1605 motu
1537 1526 1596 1605 rel'
1613 1532 1724 1621 silius,

372 1640 519 1741 quaellio
553 1636 624 1721 est,
656 1660 727 1705 non
751 1628 862 1705 solum
891 1630 1128 1730 corpusculum
1152 1637 1217 1721 A,
1252 1628 1308 1705 sed
1333 1653 1444 1706 totum
1465 1631 1555 1737 quali
1573 1559 1723 1735 lllsatiuru

372 1768 451 1813 cum
477 1739 630 1811 omnibus
657 1734 878 1835 corporibus,
899 1739 1039 1835 quaein
1060 1730 1093 1805 iel
1113 1760 1212 1835 agere
1227 1754 1377 1835 queant,
1418 1758 1516 1809 mauu
1539 1732 1668 1837 aequali
1691 1756 1724 1815 et

371 1846 543 1917 contrario
574 1844 641 1932 ei,
671 1861 772 1936 quem
798 1834 959 1933 puutlu'm
983 1837 1014 1907 O
1040 1834 1171 1921 haber,
1214 1842 1348 1909 moueri
1370 1836 1416 1911 est
1449 1836 1723 1939 concipiendum
1758 1854 1761 1859 '

257 1940 266 1969 ³
370 1935 646 2045 quandoquidem
663 1940 730 2009 hoc
746 1954 843 2010 motu
860 1935 942 2010 ficio
960 1936 1168 2037 purrtluruO
1183 1933 1226 2009 ad
1241 1944 1391 2041 quietem
1410 1936 1585 2044 redigitur·
1715 1944 1720 1951 ’

839 2106 1252 2195 annonarum
1741 2108 1763 2139 ⁰

207 2292 246 2367 fj
298 2308 334 2379 25
477 2278 550 2352 245·
580 2256 614 2326 Si
637 2249 705 2325 duo
729 2277 876 2355 corpore
899 2258 928 2327 Α
955 2273 989 2328 et
1011 2256 1437 2355 Butcuuquemoveantur
1459 2284 1478 2327 a
1503 2254 1629 2329 viribus
1649 2260 1722 2351 quir
1754 2272 1761 2295 ·'

248 2312 280 2393 g·
336 2342 346 2361 ⁹
373 2363 564 2458 brucunqus
587 2352 790 2444 sollicitata,
831 2361 939 2457 risque
961 2354 1085 2429 eodem
1114 2375 1291 2429 momento
1316 2353 1449 2459 insuper
1472 2377 1582 2431 motus
1604 2364 1745 2461 aequa-⁸

372 2464 419 2535 les
436 2458 617 2533 secuudum
634 2453 774 2529 eandem
789 2454 1013 2531 direfflionem
1036 2464 1299 2559 imprimantur,
1322 2480 1458 2533 motum
1479 2456 1625 2560 iuterkse
1641 2484 1723 2535 eun.

329 2574 333 2583 '
372 2562 452 2639 dem
468 2556 722 2637 conservabunt.

623 2796 629 2813 „
726 2726 1373 2805 nrarousrnrrro.

467 2884 643 2981 Exprimat
656 2875 745 2947 retia
764 2878 966 2945 lastrorum
983 2881 1137 2971 corporis
1153 2881 1182 2947 A
1199 2934 1208 2963 ,
1238 2870 1294 2948 seu
1309 2874 1349 2947 fit
1364 2872 1505 2975 spatium
1522 2880 1562 2951 ab
1579 2906 1621 2953 eo
1639 2898 1721 2955 tetn·
1757 2912 1766 2939 ³

368 2982 510 3083 pusculo
524 2983 569 3054 dt
585 2973 789 3076 descriptum
807 3004 818 3065 3
844 2973 940 3047 suuili
969 2973 1135 3049 uomodo
1160 3002 1282 3075 corpus
1306 2981 1473 3051 brentam
1496 2982 1620 3055 habeat*
1636 2982 1722 3057 cele·
1754 3016 1760 3023 ·

370 3092 502 3156 ritatem
520 3139 530 3177 ,
554 3105 620 3179 qua
641 3077 761 3150 eodem
777 3006 986 3174 tempusculo
1002 3078 1046 3151 dt
1070 3074 1272 3151 describeret
1298 3075 1441 3179 spatium
1456 3078 1529 3160 Bis
1556 3110 1574 3155 a
1598 3084 1722 3158 uiribus
1764 3072 1766 3097 Ι

374 3182 626 3257 lollicitantibus
642 3199 753 3252 autem
768 3177 850 3249 illud
867 3205 940 3253 exa
964 3187 998 3251 in
1020 3206 1081 3267 m,
1115 3184 1184 3254 hoc
1212 3206 1297 3253 vcro
1323 3180 1399 3253 exb
1421 3188 1455 3253 iu
1477 3209 1499 3255 n
1519 3182 1722 3273 delletlatun

371 3293 418 3359 ita
438 3307 473 3359 ut
493 3312 582 3358 nunc
600 3278 711 3381 elapso
742 3302 896 3379 tempore
919 3284 963 3357 dt
986 3282 1076 3353 rolla
1096 3308 1158 3357 mn
1178 3278 1300 3354 referat
1321 3282 1417 3355 litum
1433 3282 1640 3375 relativum,
1666 3294 1723 3388 qui

291 3376 301 3389 ⁶
371 3408 447 3462 ante
472 3389 560 3462 retia
588 3388 643 3457 lili
669 3380 884 3460 referebatur.
959 3388 1144 3483 Incipiente
1168 3404 1279 3457 autem
1313 3385 1523 3482 tempusculo
1546 3390 1590 3463 dr
1615 3382 1723 3463 subito

369 3499 506 3593 utrique
526 3493 663 3586 corpori
685 3506 797 3558 motus
824 3484 965 3587 aequalis
990 3482 1172 3557 secundum
1196 3482 1338 3558 eandem
1361 3484 1724 3591 directionem'impri-

371 3613 491 3680 matur,
509 3617 578 3693 quo
593 3586 665 3661 solo
684 3614 806 3683 corpus
828 3593 858 3657 Α
885 3594 918 3656 ἰιι
933 3610 967 3687 p
980 3607 1012 3658 et
1030 3592 1055 3659 B
1073 3592 1108 3657 in
1130 3612 1155 3687 q
1173 3588 1384 3687 tempusculo
1406 3590 1454 3662 dr
1474 3586 1723 3681 transferretur,

371 3700 417 3765 ita
433 3713 470 3764 ut
486 3692 595 3764 reilae
614 3694 668 3790 rip
692 3709 724 3761 et
743 3691 798 3788 liq
819 3685 950 3758 futurae
970 3692 1032 3760 fiat
1055 3686 1208 3785 aequales
1230 3715 1267 3761 ac
1290 3688 1474 3787 parallelae.
1529 3692 1723 3769 Accedense

371 3811 483 3866 autem
499 3810 596 3863 motu
612 3798 677 3884 jam
691 3787 789 3860 insito
808 3844 818 3882 ,
839 3785 862 3857 sr
881 3788 1192 3889 parallelogramma
1209 3792 1325 3891 Λαυρ
1351 3809 1385 3863 et
1407 3789 1519 3892 Blcq
1531 3796 1723 3897 complean-

370 3914 451 3982 tur,
476 3890 670 3993 diagonales
696 3896 758 3965 Aa
782 3906 814 3960 et
840 3884 895 3961 Bc
918 3884 936 3957 s
953 3897 1016 3962 atia
1039 3888 1219 3979 relerent,
1245 3918 1330 3992 qnae
1354 3918 1500 3989 corpora
1523 3896 1569 3967 ob
1595 3918 1723 3971 urrum-

372 4023 438 4098 que
452 4016 585 4065 motum
603 3990 812 4087 ternpusculo
827 3992 852 4063 d
858 4014 873 4063 t
893 3916 997 4064 ellent
1015 3988 1225 4092 percussura.
1277 3997 1348 4065 lam
1365 3994 1409 4065 ob
1424 3992 1529 4065 rectas
1552 4021 1606 4070 aa
1631 4018 1664 4073 et
1679 3998 1724 4083 lc

371 4096 524 4197 aequales
540 4117 572 4167 et
596 4092 789 4191 parallelas,
816 4098 915 4164 etiam
931 4092 977 4167 ab
993 4114 1026 4165 et
1043 4105 1093 4184 oc
1110 4115 1207 4167 eruut
1226 4121 1263 4167 ae
1289 4092 1378 4167 ualcs
1397 4112 1430 4166 et
1452 4094 1628 4194 parallelae
1645 4159 1656 4189 ‚
1683 4108 1724 4175 ita
1744 4100 1751 4115 '

370 4218 407 4269 ut
427 4196 503 4271 litus
522 4195 679 4268 relativus
693 4198 743 4278 stc
759 4194 829 4288 poll
847 4222 974 4265 novum
992 4214 1124 4267 urorum
1146 4123 1340 4293 imprellum
1365 4202 1543 4270 conveniat
1566 4208 1646 4275 curn
1666 4202 1724 4277 litu

373 4298 517 4373 relativo
529 4296 580 4370 ab.
633 4296 791 4389 Capiatur
815 4320 920 4390 porro
942 4296 1005 4391 aps
1027 4294 1169 4393 aequalis
1197 4316 1230 4367 et
1254 4292 1410 4395 parallela
1432 4296 1490 4396 ipsi
1507 4328 1596 4389 am,
1626 4324 1660 4376 et
1685 4308 1725 4391 ct

373 4400 518 4504 aequalis
537 4418 570 4471 cr
587 4390 742 4494 parallelas
760 4390 820 4513 iplr
836 4392 893 4482 bn,
909 4414 942 4467 et
961 4422 1037 4468 cum
1054 4424 1086 4495 μ
1101 4415 1162 4477 οι,
1180 4422 1269 4468 nunc
1283 4394 1347 4473 fint
1363 4396 1437 4472 loca
1458 4426 1659 4503 corporum,
1675 4432 1722 4479 ac·
1741 4450 1745 4455 ·

382 4502 579 4581 cedentibus
596 4491 1002 4598 viribuslollrcitantibus,
1034 4506 1098 4573 erit
1112 4520 1251 4601 quoque
1269 4522 1325 4598 ps
1347 4500 1489 4604 aequalis
1513 4521 1548 4575 et
1569 4506 1723 4607 paralleli

1578 4624 1593 4635 ‘
1662 4604 1723 4713 ‘ipti
