4092 5134
399 272 521 383 ‘'y-'s

407 401 592 544 'hau
723 374 741 401 ”
1053 362 1399 547 canutus-u·
1511 490 1516 497 ·

546 643 668 719 corpus
683 610 832 693 absolute
850 615 1037 721 quiescens,
1061 615 1357 717 reliquacorpo'ra
1371 613 1461 689 adid
1478 609 1672 704 referendo,
1682 611 1816 688 -corum'
1824 640 1898 687 raro·

525 722 528 729 ’
547 741 618 797 tum
634 715 823 794 absolutrun
839 717 1047 822 cognoscere
1056 717 1192 819 liceret.
1265 808 1268 813 ι

972 882 975 887 ’
1068 920 1315 993 canora.
1348 941 1382 1011 5.

648 1093 721 1143 100.
747 1070 782 1139 Si
807 1073 841 1141 in
863 1065 993 1141 mundo
1014 1062 1096 1141 esset
1116 1097 1238 1169 corpus
1260 1067 1478 1143 uniformiter
1508 1070 1544 1136 in
1569 1062 1905 1167 direslnrn'prog're·'

546 1172 659 1252 diens,
690 1164 730 1239 ad
754 1166 849 1268 quod
864 1170 992 1271 reliqua
1011 1196 1156 1272 corpora
1179 1170 1390 1259 referantur,
1418 1167 1462 1243 de
1484 1174 1536 1255 iis,
1555 1167 1717 1239 srnullanr
1730 1168 1898 1240 aslioncm

547 1293 721 1448 cxtqruom
734 1265 896 1373 subirent,
915 1269 1082 1345 affirmare
1096 1267 1278 1375 possemus,
1303 1299 1342 1347 ea
1358 1277 1459 1344 etiam
1475 1275 1510 1343 in
1527 1268 1610 1342 slata
1625 1265 1811 1374 respetliuo
1830 1262 1896 1345 effe

544 1400 606 1483 per
623 1389 806 1449 everatura.

1055 1577 1300 1651 COROLh
1349 1600 1381 1662 4

645 1749 711 1801 101.
737 1723 790 1797 Ob
813 1724 969 1807 inertiam
994 1729 1098 1824 igitur
1122 1751 1183 1797 cor
1207 1751 1361 1799 uranon
1386 1717 1495 1794 solum
1508 1723 1544 1791 in
1553 1715 1689 1792 “eodem
1704 1720 1784 1794 ssata
1802 1714 1896 1794 abso·

545 1828 637 1914 luto,
654 1825 826 1901 sedetiam
845 1829 881 1895 in
900 1820 1023 1897 eodem
1038 1826 1120 1899 slatu
1134 1752 1570 1926 reliso&ivo,persevcrare
1588 1841 1770 1917 conantur,
1798 1820 1896 1895 dum·

543 1927 652 2004 modo
679 1945 827 2027 corpus,·
844 1930 936 2017 cujus
966 1922 1119 2027 respesln
1146 1954 1266 2002 eorum
1288 1928 1388 2000 llatae
1420 1924 1623 2013 aestimatur,
1664 1920 1815 1999 absolute
1841 1923 1899 1998 vel

543 2026 708 2139 quiescat,
729 2026 785 2105 uel
800 2021 1016 2104 uniformiter
1031 2033 1068 2103 ia
1083 2025 1250 2104 direslum
1266 2043 1517 2129 promoveatur.

1031 2231 1416 2307 EXPLICATIO.

529 2434 531 2441 .
610 2462 612 2467 Ι
645 2400 713 2450 roa.
738 2380 774 2459 si
788 2382 824 2455 in
837 2373 996 2451 universo
1011 2373 1072 2469 sol,
1098 2379 1153 2477 vel
1173 2384 1286 2482 potius
1309 2384 1378 2472 ejus
1396 2398 1562 2474 centrum,
1579 2371 1727 2449 absolute
1746 2366 1897 2478 quiesce·

541 2496 614 2565 ret,
640 2481 821 2581 omniaque
834 2494 980 2579 corpora
997 2487 1129 2554 ratione
1141 2480 1220 2554 situs
1235 2506 1314 2551 cum
1337 2505 1379 2551 eo
1398 2499 1654 2578 comparentur,
1679 2484 1801 2553 inertia
1822 2476 1895 2551 effi·

542 2584 629 2665 ciet,
646 2597 694 2650 -ut
709 2587 822 2675 ornraia
839 2608 1002 2681 corpora,
1028 2607 1112 2685 quae
1131 2579 1284 2681 respcslu
1302 2585 1408 2652 centri
1429 2577 1506 2653 solis
1530 2577 1720 2679 quiescunt,
1749 2586 1784 2652 in
1798 2586 1895 2682 quic·

543 2697 598 2768 te,
622 2707 707 2780 quae
724 2688 836 2757 antem
855 2701 1059 2773 mouentur,
1085 2689 1120 2757 in
1135 2684 1261 2759 eodem
1279 2701 1376 2753 motu
1392 2676 1552 2783 aequabili
1570 2686 1605 2752 in
1623 2676 1789 2754 direclur'n
1812 2707 1894 2781 pro·

426 2815 436 2833 ·
540 2776 638 2957 predi
656 2803 844 2870 conentur,
868 2792 1030 2887 quoniam
1053 2787 1123 2860 hoc
1143 2782 1220 2859 casu
1246 2808 1367 2858 eorum
1392 2803 1505 2858 namus
1519 2808 1537 2854 a
1552 2779 1738 2886 respesliuo
1756 2778 1893 2867 nondi-

557 2902 721 2984 crcparet.
772 2890 817 2957 At
833 2882 870 2978 si,
883 2904 920 2956 ut
941 2886 986 2957 esl
1007 2885 1209 2972 verisimile,
1235 2910 1307 2958 non
1326 2904 1481 2956 centrum
1495 2881 1590 2974 solis,
1614 2880 1670 2955 sed
1684 2890 1799 2983 potius
1815 2910 1894 2957 cen-

532 2992 633 3056 ‘trnrn
656 2988 826 3082 gravitatis
849 3009 1031 3058 commune
1050 2991 1150 3059 totius
1173 2983 1356 3079 systematis
1379 2981 1530 3056 absolute
1550 2981 1714 3083 quiescat,
1745 2994 1815 3080 ejus
1840 3012 1894 3061 re·

540 3083 562 3158 s
580 3086 653 3156 eslu
670 3087 753 3156 haec
768 3089 906 3157 inertiae
922 3091 1112 3185 proprietas
1125 3087 1171 3160 esl
1187 3081 1415 3186 intelligenda.
1465 3088 1595 3157 Verum
1618 3083 1660 3156 ad
1683 3108 1817 3161 motum
1840 3112 1894 3160 re·

530 3112 726 3286 'spectivum
766 3183 1058 3279 detenninandum
1097 3214 1170 3261 non
1222 3180 1360 3275 sufficit,
1408 3190 1548 3259 unicum
1600 3209 1778 3287 punctum*
1817 3206 1890 3263 tau·

540 3312 643 3390 qnam
658 3286 763 3361 fixum
781 3286 1012 3386 considerare,
1037 3283 1288 3391 quoniarninde
1305 3306 1435 3360 tannnu
1452 3286 1617 3363 distantias
1640 3314 1712 3362 non
1735 3315 1822 3364 vcro
1841 3291 1893 3364 di-

539 3395 710 3464 rectiones
723 3386 929 3490 cognoscere
946 3390 1085 3478 liccret,
1111 3387 1168 3464 sed
1182 3391 1288 3463 tribus
1311 3387 1367 3462 uel
1390 3387 1475 3462 adeo
1497 3410 1642 3490 quatuor
1661 3396 1794 3491 punctis
1815 3391 1889 3466 lixis
1931 3458 1933 3481 ;

518 3488 649 3587 ‚adhuc
673 3491 718 3562 esl
745 3518 845 3593 opus,
883 3498 933 3563 uti
953 3487 1051 3591 supra
1065 3489 1289 3565 ¹‘osleurl'mus
1364 3492 1405 3573 lq
1426 3489 1555 3563 ruundo
1571 3518 1654 3592 ergo
1677 3492 1789 3567 stellae
1803 3492 1890 3568 fixae

539 3611 699 3692 tanquam
715 3588 857 3664 totidem
872 3610 996 3691 puncta
1010 3593 1077 3665 fixa
1092 3591 1296 3666 confiderari
1310 3586 1438 3680 solent,
1462 3618 1548 3694 quae
1561 3593 1774 3694 -lrypotheliq'
1794 3592 1820 3666 fi
1836 3622 1891 3669 ue·

537 3718 575 3768 ra
592 3687 690 3782 effct,
718 3699 833 3767 omnia
847 3718 992 3794 corpora
1006 3699 1043 3767 in
1059 3692 1206 3784 mundo,
1232 3719 1317 3795 quae
1333 3718 1448 3766 earum
1471 3690 1625 3793 respectu
1649 3695 1703 3768 vel
1716 3691 1890 3797 quiescunt

537 3793 594 3867 uel
608 3813 810 3884 rnoueouu,
834 3795 879 3868 ob
892 3800 1048 3879 inertiam
1065 3801 1100 3868 in
1116 3793 1238 3871 eodem
1253 3795 1335 3868 slatu
1350 3790 1453 3868 essent
1467 3790 1724 3896 perseveratura.
1782 3803 1890 3903 Atque

536 3896 605 3969 hoc
622 3895 762 3997 perinde
778 3903 947 3988 eveniret,
976 3896 1137 3971 fiomnes
1160 3886 1272 3971 stellae
1295 3893 1380 3970 fixae
1395 3896 1618 3971 celeritatibu‘s
1634 3894 1825 4001 aequalibus
1842 3898 1888 3977 se·

456 4066 459 4077 ,
538 3993 688 4070 cundum
712 3994 916 4072 directiones
943 3998 1115 4100 parallelas
1144 4026 1207 4098 per
1232 3997 1347 4071 coelos
1369 3997 1586 4075 uniformiter
1608 4004 1644 4073 in
1660 3997 1829 4075 directum
1840 4001 1889 4078 se·

506 4116 669 4171 ‘tuntum
743 4103 872 4172 Verum
899 4106 935 4173 in
960 4099 1037 4199 ipsas
1061 4100 1162 4175 stellis
1183 4100 1259 4174 fixis
1282 4095 1446 4200 quaedam
1478 4108 1617 4200 exiguae
1641 4104 1888 4204 inaequalitates

417 4264 422 4273 .
536 4195 868 4296 animadvertuntur,
892 4225 1036 4300 quarum
1066 4208 1236 4275 rationem
1268 4205 1304 4273 in
1336 4202 1403 4274 hoc
1431 4200 1558 4298 judicio
1593 4203 1709 4279 haberi
1742 4200 1914 4308 oportet,'

520 4389 523 4396 ¹
540 4299 634 4405 quod
650 4324 734 4403 ergo
749 4327 815 4405 pro
831 4307 979 4379 namne
997 4301 1104 4380 arduo
1121 4309 1247 4380 merito
1262 4301 1416 4377 habetur.

1643 4520 1648 4525 ⁸
1721 4562 1890 4653 'suno
