4092 5134
332 384 391 521 ιιΙ
500 422 517 501 .’
607 416 1152 533 ·ῑ.·;,ῑιτ·ῑεΑ,ΡυΤι

677 610 692 675 ·.
776 606 1268 737 senoricus«

436 824 495 895 29.
519 799 610 875 Hinc
623 792 831 898 anelligitur,
848 805 1010 903 temporie·
1026 792 1233 875 di-vilionern
1251 820 1323 871 non
1346 787 1412 869 osse
1424 780 1692 899 meram'nientia

319 910 593 1002 ¹operationem,
621 917 658 973 ut
677 904 721 986 ii,
747 907 805 1001 qui
822 909 970 999 tempori
984 899 1120 981 nonnifi
1136 908 1173 974 in
1197 916 1312 973 ruente
1336 897 1448 969 nollra
1465 896 1583 983 locum
1607 924 1695 973 con·

334 1002 478 1095 cedunt,
495 1000 607 1076 ideam
624 1008 790 1100 temporis
809 1003 849 1076 ab
867 999 939 1104 ipso
958 1022 1027 1081 tem
1074 1030 1114 1078 re
1137 1029 1209 1077 non
1228 997 1459 1088 secernentes,
1472 999 1625 1086 ⁴[latuere
1639 996 1695 1072 so·

336 1105 419 1203 lent.
471 1106 506 1177 Si
521 1110 614 1177 euim
632 1122 763 1205 tempus
778 1103 971 1181 nihilaliud
987 1133 1006 1181 e
1035 1126 1081 1195 et,
1097 1103 1160 1181 nist
1176 1102 1265 1179 ordo
1280 1096 1568 1191 succelltvorum„
1581 1126 1697 1203 neque

232 1214 236 1227 “
335 1225 428 1281 extra
444 1225 599 1277 mentem
616 1210 797 1306 quicquam
815 1201 916 1304 ellat,
943 1234 1014 1308 quo
1030 1227 1165 1307 tempus
1192 1204 1496 1292 determinaretur3
1521 1202 1609 1277 nihil
1627 1210 1696 1277 im·

361 1302 488 1394 adiret,
515 1310 724 1405 quominus
750 1312 788 1380 in
814 1313 909 1380 omni
928 1328 1028 1380 motu
1056 1313 1219 1407 temporis
1246 1326 1376 1405 partes,
1404 1305 1524 1405 quibus
1547 1304 1699 1406 aequalia

335 1335 441 1507 lpatia
458 1405 703 1497 conficiantur,
727 1433 791 1507 pro
813 1407 1003 1509 aequalibus
1021 1410 1241 1495 haberemus,
1265 1433 1344 1481 eum
1367 1404 1585 1505 succell'rones
1605 1405 1697 1479 limi·

226 1560 234 1571 ·
336 1510 388 1582 les
411 1504 607 1598 videantur,
639 1515 685 1580 its
708 1515 996 1587 utotunisrutotus
1013 1537 1124 1612 aequo
1140 1517 1213 1605 jure
1230 1528 1390 1609 tanquam
1420 1508 1600 1609 aequabilis
1622 1503 1698 1607 spe·

337 1612 419 1684 etati
438 1605 557 1709 pollet.
614 1607 689 1710 lpsa
710 1626 829 1685 autem'
848 1617 897 1687 rei
920 1633 1038 1685 natura
1062 1609 1195 1685 abunde
1209 1608 1363 1699 testatur,
1394 1630 1529 1683 titutum
1544 1611 1700 1710 aequabi-

338 1711 407 1785 lem
423 1706 637 1787 effenualiter
658 1714 698 1785 ab
715 1712 914 1814 inaequabili
930 1707 1089 1804 differre3
1114 1710 1260 1813 ideoque
1287 1716 1323 1785 in
1344 1712 1542 1813 aequalitate
1564 1731 1702 1815 tempo·

337 1841 436 1902 runt,
486 1841 527 1887 ua
551 1818 688 1900 nititur,
716 1813 802 1912 plus,
826 1840 927 1915 quam
945 1814 1039 1916 quod
1061 1823 1097 1888 in
1123 1812 1207 1889 ideis
1230 1813 1350 1887 uostris
1369 1812 1522 1901 resideat,
1543 1790 1619 1887 inlrt
1637 1840 1699 1889 ne·

338 1910 427 1991 celse
442 1842 499 1986 ed.
550 1917 661 2013 Atque
676 1915 755 1988 binc
770 1916 949 2017 aequalitas
966 1936 1160 2020 temporum
1178 1923 1303 1991 rationi
1318 1922 1475 2016 cuipiam,
1491 1935 1584 1991 extra
1604 1942 1703 1989 mert-

337 2034 410 2089 tem
425 2012 523 2100 sitae,
540 2015 639 2087 inniti
657 2010 798 2091 dicenda
823 2018 888 2106 est,
913 2045 1045 2121 nosque
1066 2024 1178 2120 potius
1209 2025 1279 2118 ejus
1308 2024 1545 2121 coguitionem
1563 2012 1703 2118 ,extri-tt}

280 2158 288 2174 s
339 2113 433 2192 secus
442 2141 494 2220 ,ex
502 2133 607 2217 ¹tnotu
623 2119 787 2223 aequabili
795 2114 942 2223 ‘haufille
960 2118 1126 2197 uidemur.

855 2320 1135 2401 Scuotrou.
1163 2347 1194 2396 a.

444 2483 500 2552 30.
524 2453 695 2631 (qtamdiu
710 2456 872 2557 pontium
894 2477 991 2534 motu
1013 2456 1179 2559 aequabili
1197 2452 1327 2548 fertur,
1362 2460 1408 2531 ita
1430 2475 1468 2529 nt
1489 2456 1702 2559 temporibus
1734 2530 1738 2535 .

346 2558 537 2667 aequalibus
566 2566 652 2659 patia
670 2559 817 2662 aequalia
831 2576 1017 2659 percurrat,
1041 2557 1170 2633 tamdiu
1184 2586 1291 2663 aeque
1315 2559 1471 2634 celeriter
1492 2568 1626 2635 moveri
1647 2560 1705 2636 di·

349 2671 456 2740 citur:
484 2656 573 2735 unde
586 2658 762 2749 discimus,
785 2660 867 2763 quid
881 2662 921 2734 lit
938 2688 1035 2765 acque
1049 2665 1196 2739 celeriter
1218 2671 1350 2736 moveri.
1427 2666 1476 2735 nc
1491 2660 1516 2735 fi
1533 2662 1602 2735 duo
1618 2660 1717 2765 putu

270 2762 279 2773 “
350 2767 402 2839 tta
424 2767 545 2840 neta
568 2784 668 2838 motu
692 2763 855 2865 aequabili
877 2764 1049 2850 incedant,
1080 2761 1230 2864 illudque
1251 2761 1435 2863 Aliugulis
1458 2767 1707 2863 temporibus!

350 2865 450 2967 spatia
467 2897 506 2934 =
519 2893 553 2953 s,
577 2869 645 2939 hoc
667 2892 751 2941 vero
775 2869 799 2937 B
821 2864 940 2937 iisdem
964 2865 1172 2959 temporibus
1193 2859 1295 2962 spatia
1309 2896 1350 2935 ε
1364 2888 1389 2934 e
1403 2885 1592 2964 percurrat,
1630 2864 1708 2942 fue·

347 2976 394 3045 tit
419 2979 532 3049 uer>
545 2993 593 3050 e,
620 2967 782 3065 punitum
804 2966 838 3042 A
860 2965 1001 3042 celerius
1013 2958 1099 3035 ferri
1114 2962 1257 3051 dicitur,
1272 2989 1373 3064 quam
1394 2970 1435 3056 B,
1457 2971 1525 3041 hoc
1542 2995 1627 3042 vero
1642 2969 1708 3044 illo

350 2997 475 3140 sarlius
484 3084 496 3153 3
524 3061 613 3137 unde
631 3068 845 3167 percipimus,
883 3064 939 3139 uid
954 3066 993 3139 stt
1007 3063 1250 3164 celerius,''quid
1264 3065 1404 3141 tordius.
1453 3069 1607 3170 usquein
1619 3098 1709 3169 pun·

240 3233 242 3239 .
350 3168 444 3242 dium
469 3163 499 3232 A
522 3161 645 3239 eodem
670 3185 825 3267 ternpore
858 3094 1001 3268 lpatimn
1032 3163 1138 3264 duplo
1166 3165 1222 3239 vel
1261 3163 1367 3264 triplo
1395 3175 1501 3261 ntajus
1538 3167 1708 3265 absoluat,

350 3298 451 3375 quarn
477 3268 646 3372 pundlum.
671 3270 713 3357 li,
766 3262 850 3341 illud
879 3271 974 3375 duplo
1022 3267 1079 3340 uel
1120 3271 1217 3373 triple
1262 3269 1394 3342 celerius
1432 3270 1590 3345 incedere
1622 3272 1710 3349 diei-

344 3394 427 3467 tur;
468 3373 581 3475 fitque
603 3372 694 3444 hinc'
707 3366 792 3442 adeo
810 3372 1019 3471 corrrpmatio
1045 3371 1146 3455 buiris
1164 3375 1231 3454 rei,
1275 3394 1363 3467 quae
1387 3374 1552 3451 vocabulo
1576 3379 1712 3453 celenna

351 3472 542 3571 subjicitur,
565 3480 671 3546 menti
689 3472 777 3546 clare
793 3468 1012 3561 obteniatur,
1040 3468 1224 3545 etiarnfide
1240 3464 1360 3566 reipsa
1382 3476 1469 3547 nihil
1495 3475 1603 3550 adhuc
1622 3475 1712 3554 defi.

307 3608 309 3613 ·
349 3583 555 3651 nivcriruuss.
596 3578 655 3661 Est
678 3595 791 3647 autern
804 3576 887 3647 baec
910 3602 964 3649 res
987 3571 1381 3671 conceptus-abstradlus
1396 3577 1487 3676 quafi
1507 3572 1711 3656 baltricum·

350 3678 432 3751 bens
448 3683 538 3774 ejus,
563 3674 656 3777 quod
675 3672 730 3751 sub
749 3700 834 3749 voco
850 3679 979 3751 celerius
994 3680 1203 3776 cogiturrus3
1228 3692 1432 3779 vocaturque
1448 3679 1508 3756 ille
1522 3704 1712 3791 conceptus

347 3782 496 3863 eternas
506 3775 564 3852 uel
580 3782 739 3868 arbritor,
765 3784 858 3875 cujus
876 3775 1114 3855 definitionem
1129 3801 1378 3879 pttsponamus.¹
1705 3778 1708 3785 ’

863 3940 1154 4081 u'rriurr'ro
1175 3962 1226 4055 a
1427 3966 1430 3971 ’

353 4198 356 4203 ,
451 4140 497 4206 31.
523 4118 675 4193 lnrnotu
690 4115 853 4219 aequabili
867 4121 956 4192 ratio
974 4113 1159 4215 spatiorum
1184 4109 1225 4188 ed
1242 4132 1411 4217 tempora,
1427 4118 1546 4223 quibus
1567 4090 1715 4225 percuti

351 4230 494 4315 cuntur,
520 4240 662 4293 vocatur
684 4221 827 4297 celeritas
848 4216 917 4292 {ive
933 4220 1105 4295 velocitate·
1166 4216 1358 4292 AEllimatur
1382 4247 1466 4327 ergo
1489 4225 1645 4306 celeritas
1673 4257 1716 4309 ex

351 4336 483 4420 quoto,
512 4326 571 4429 qui
579 4324 695 4431 ⁸opiter
702 4378 715 4417 ‚
745 4317 933 4433 srspatiuus
942 4338 1151 4427 perbtempus
1167 4315 1350 4412 dividatur.
1429 4404 1432 4409 ,

1533 4544 1718 4667 coaotb
