4092 5134
334 458 393 520 ω
451 422 648 515 catut
668 420 721 509 t„
761 418 854 505 nn:
872 364 1053 503 nonu
1079 414 1461 509 moounsstvo
1486 422 1564 509 &a

337 640 407 694 tum
422 618 562 689 liberum
578 619 724 713 pertinet
740 602 1046 707 ,quandoquidem
1062 604 1277 681 extrinsecdt·
1287 608 1373 681 nihil
1395 610 1524 683 obllare
1551 606 1685 687 allumi·

338 748 437 807 inus,
464 723 658 819 quominus
676 706 1040 807 corpoesollicitatiotii
1055 715 1181 782 virium
1203 706 1403 809 obsequatur
1418 739 1429 787 ι
1456 734 1689 791 verumtamen

335 828 512 896 minimam
528 836 655 888 tantum
669 822 737 907 ejus
755 831 884 909 partem
896 809 1162 907 cotupledlitur,¹
1175 808 1256 882 dum
1281 838 1403 911 corpus
1419 812 1523 887 libere
1538 836 1689 909 motum,

336 944 468 1027 practer
482 938 613 991 motum
630 910 872 1015 progrelltvum
892 937 1041 1008 purum,
1064 938 1165 1013 quem
1186 916 1239 985 hic
1256 909 1328 984 sum
1343 918 1582 1015 contemplatus
1600 978 1610 1008 ,
1636 927 1690 993 itt·

337 1027 440 1099 finitis
458 1020 566 1093 modis
584 1039 694 1089 nunus
708 1021 902 1117 gyratorios
920 1018 1069 1111 recipcre
1085 1014 1211 1111 potell:
1241 1040 1257 1083 a
1276 1016 1464 1110 eujusmodi
1480 1040 1576 1091 motu
1592 1050 1689 1095 com-

262 1132 281 1147 ’“
305 1110 308 1123 ’
338 1120 465 1227 plicatu¹
475 1114 667 1194 evolvendo
683 1176 693 1207 ,
718 1108 751 1189 et
771 1110 947 1215 quomodo
965 1120 989 1185 is
1005 1142 1023 1185 a
1040 1116 1163 1185 viribus
1181 1117 1432 1217 quibuscunque
1457 1124 1689 1217 perturbetur,

336 1226 443 1300 adhuc
459 1220 646 1323 longissime
668 1214 829 1289 absumus.
882 1220 1001 1316 Neque
1023 1218 1109 1288 lianc
1132 1216 1420 1317 investigationem
1448 1219 1616 1323 suscipere
1642 1222 1686 1298 li·

338 1345 391 1402 cet
408 1382 418 1424 ,
445 1344 522 1397 ante
535 1322 633 1425 q'uam
651 1338 764 1391 motus
782 1320 972 1417 gyratorios
989 1326 1078 1389 circa
1091 1344 1166 1391 axes
1183 1318 1268 1390 lixot
1285 1318 1552 1421 expedivetimus
1566 1357 1577 1417 3
1607 1329 1691 1403 hinc

338 1434 429 1503 enim
445 1424 582 1498 demum
598 1420 763 1493 admotus
779 1424 967 1519 gyratorios
985 1426 1072 1493 circa
1087 1446 1162 1493 axes
1177 1420 1329 1511 mobiles,
1347 1450 1385 1495 ac
1397 1450 1504 1523 porro
1520 1426 1560 1499 ad
1573 1448 1689 1505 motus

338 1532 461 1603 liberos
479 1533 515 1599 in
529 1550 661 1626 genere,
680 1518 840 1623 progredi
864 1520 985 1593 licebit.
1037 1524 1149 1619 Quae
1165 1522 1285 1593 relidio
1299 1524 1387 1624 quali
1403 1524 1522 1601 ordine
1539 1552 1689 1623 naturae,

336 1659 427 1705 nuuc
451 1655 594 1725 corpora
612 1625 718 1727 rigida
739 1618 943 1698 extrinsecus
961 1628 1006 1693 ita
1030 1624 1175 1696 rellrie‘la
1192 1625 1474 1725 contemplabor,
1500 1651 1537 1702 ut
1552 1654 1687 1707 certum

336 1734 466 1805 tan'tutu
484 1756 587 1831 genus
603 1746 714 1799 motus
730 1729 880 1823 'recipere
897 1719 1036 1822 possint,
1063 1724 1155 1825 quod
1172 1725 1222 1812 stt,
1239 1722 1321 1797 dum
1336 1728 1376 1799 ab
1393 1729 1501 1831 aliqua
1519 1732 1613 1807 causa
1631 1762 1689 1809 ex·

328 1834 432 1910 'terna
463 1830 531 1903 duo
554 1834 707 1925 corporis
729 1826 851 1925 puucia
871 1826 935 1897 fixa
955 1832 1142 1899 retinentur
1195 1827 1303 1900 Facile
1326 1834 1415 1903 enim
1431 1852 1548 1932 patet,
1572 1836 1598 1909 li
1622 1846 1691 1913 tria

336 1932 457 2036 puudla
483 1934 636 2029 corporis
665 1924 763 2028 rigidi
789 1954 862 1999 nou
885 1933 921 1999 iu
955 1924 1120 2003 directum
1150 1924 1207 2002 sua
1239 1930 1304 2003 fixa
1326 1928 1383 2006 scu
1408 1940 1549 2008 immota
1573 1966 1689 2015 mane·

336 2057 436 2121 rent,
460 2052 568 2106 totum
590 2055 712 2127 corpus
726 2026 847 2100 nullius
873 2048 985 2115 motus
1007 2058 1107 2129 capax
1129 2026 1194 2103 elle
1219 2030 1398 2109 fittutum:
1421 2036 1556 2135 quaudo
1577 2060 1690 2115 autem

338 2135 407 2209 duo
432 2155 559 2206 tautum
586 2130 706 2232 putu‘la
727 2128 790 2199 fixa
805 2147 986 2219 tenentur,
1011 2138 1099 2205 circa
1122 2160 1159 2205 ea
1183 2153 1339 2236 tauquam
1362 2141 1449 2209 eirca
1469 2166 1563 2213 axem
1590 2168 1689 2219 motu

257 2228 265 2251 ³
337 2244 512 2339 gyratorio
530 2232 662 2307 revolvi
679 2236 829 2331 poterit,
851 2238 908 2332 qui
929 2254 1041 2305 motus
1089 2234 1242 2307 uomodo
1263 2236 1303 2309 fit
1323 2263 1533 2341 comparatus
1554 2254 1689 2327 etaui-

335 2342 425 2413 ribus
452 2333 702 2411 sollicitantibus
726 2330 914 2437 officiatum,
944 2340 1009 2435 jam
1033 2262 1288 2437 indagabimus:
1313 2342 1367 2414 ubi
1391 2340 1529 2443 quidem
1551 2342 1688 2447 insuper

335 2437 467 2513 deliniri
487 2442 691 2524 conveniet,
720 2460 797 2505 cum
816 2453 973 2534 quantam
992 2444 1062 2509 vim
1077 2437 1134 2510 illa
1149 2439 1269 2539 pundla
1293 2440 1360 2519 fixa
1382 2440 1557 2523 sustineant
1576 2508 1589 2551 ,
1612 2469 1689 2525 tum

337 2567 419 2613 vero
436 2546 537 2614 etiam
554 2556 718 2644 qumtutn
734 2560 913 2637 compages
931 2546 1087 2640 corporis
1098 2536 1273 2613 'afficiatun
1388 2561 1395 2573 ·

720 2789 1130 2985 catuT
1201 2790 1295 2944 11.

334 3028 431 3137 on
481 3026 695 3135 notu
746 2991 1162 3141 ouuuuouto
1211 3028 1425 3143 cuca
1469 3044 1686 3157 Axntu

466 3174 653 3265 FlXUM
686 3176 729 3265 A
758 3176 972 3264 NULLlS
990 3178 1227 3269 ·-VlRlBUS
1262 3180 1555 3281 TURBATO.
1705 3206 1710 3213 ’

817 3392 1165 3468 nuttuttto.
1204 3418 1236 3491 t·

442 3577 517 3649 309.
541 3482 699 3634 Motus
712 3568 900 3661 gyratorius
922 3554 1071 3655 dicitur,
1095 3583 1165 3659 quo
1181 3584 1304 3662 corpus
1321 3564 1468 3665 rigidum
1491 3576 1579 3647 circa
1600 3574 1685 3654 line·

338 3678 392 3729 am
406 3658 532 3735 ret‘latn
547 3684 625 3727 cum
646 3654 718 3752 ipso
729 3656 883 3765 'firmiter
901 3685 1088 3733 connexam
1100 3680 1277 3752 mouetur,
1293 3691 1377 3766 quae
1393 3667 1480 3745 linea
1501 3677 1592 3751 redla
1608 3690 1686 3755 axis

332 3762 516 3859 gyrauiom's
537 3770 685 3829 vocatur.
946 3778 948 3783 '

437 3974 505 4073 ato.
533 3955 573 4023 Iu
586 3972 684 4027 motu
700 3982 783 4061 ergo
801 3862 1268 4067 gyladrlolulslg'yrdiionts
1289 3964 1456 4071 quiescit,
1480 3920 1683 4083 seusingula

334 4050 455 4223 puncta
469 4080 504 4125 m
523 4078 565 4125 eo
579 4052 638 4126 sata
653 4082 788 4134 manent
805 4069 946 4187 immota
962 4096 973 4159 3
1000 4064 1130 4167 reliqua
1150 4092 1234 4189 uero
1248 4078 1402 4189 copporis
1421 4078 1544 4176 pundla
1566 4104 1612 4155 eo
1629 4106 1681 4155 ce·

350 4178 436 4225 enus
452 4175 658 4248 mouentur,
684 4190 754 4264 quo
773 4162 906 4269 longius
923 4169 963 4241 ab
979 4192 1039 4239 axe
1055 4184 1241 4275 gyrattoms
1263 4171 1397 4257 dalleut.

431 4378 491 4447 311.
518 4358 605 4459 Quia
620 4356 745 4463 lingula
761 4274 913 4467 corpdrll
923 4272 1180 4467 Iduddlalabaxae·
1199 4362 1334 4445 eaedem
1355 4390 1520 4475 perpetuo
1546 4374 1679 4457 servant

331 4450 513 4561 distendas,
538 4470 672 4538 moveri
695 4486 877 4571 nequeunt,
896 4468 958 4547 uili
978 4474 1014 4545 iu
1030 4468 1172 4545 arcubus
1194 4473 1420 4567 circularibus,
1436 4503 1583 4582 quotum
1599 4510 1677 4559 eeu·

1628 4604 1676 4659 tra
