4092 5134
426 348 433 359 ”
538 425 608 523 184
679 404 877 501 cnuur
893 318 948 505 ιι
1010 400 1088 493 ne
1110 398 1423 523 uouuu'ro
1447 366 1737 503 inmune,
1884 394 1889 401 ·

538 610 643 676 varias
677 599 800 702 species
831 592 1048 686 solidorum,
1082 593 1270 692 cujusmodi
1301 620 1380 694 prae
1409 600 1528 667 ceteris
1552 622 1732 685 occurrere
1764 594 1887 690 solent,

534 700 750 807 progrelluri.
801 708 840 774 ln
853 698 988 801 lingulis
1017 718 1129 771 nutem
1145 702 1197 769 his
1223 698 1422 796 corporibus
1451 717 1566 769 ternos
1589 726 1663 771 axes
1686 702 1888 801 principales

535 828 720 905 eorrnnque
738 798 887 903 resperlu
912 819 1085 873 momenta
1111 804 1251 872 inertiae
1270 796 1469 871 definiamus
1494 852 1505 885 ,
1542 799 1819 903 quandoquidem
1845 830 1898 881 ex-

533 912 586 983 his
611 923 784 983 momenta
812 899 969 1002 respeilu·
990 909 1144 974 omniurn
1171 906 1283 971 axium
1316 897 1407 971 facili
1428 904 1570 999 negotio
1597 902 1712 1005 colligi
1738 900 1886 1002 possunt.

534 1014 625 1083 Hine
641 1014 742 1080 eriam
759 1003 855 1077 fimul
871 1006 994 1103 parebit
1011 1060 1021 1099 ,
1043 997 1223 1105 quomodo
1239 1000 1405 1073 calculum
1426 996 1596 1077 adomnia
1623 1004 1686 1077 alia
1699 1030 1890 1110 corporum

536 1135 659 1215 genera
676 1106 776 1211 quum
793 1103 1061 1181 commodiffime
1075 1101 1328 1177 accommodari
1348 1108 1539 1179 conveniat.

916 1325 1295 1513 cneus
1379 1296 1514 1513 vr.

541 1570 1032 1713 mursnonuo
1071 1600 1415 1710 uoueun
1456 1580 1797 1713 ruuuune
1817 1602 1918 1715 ur

820 1746 1160 1859 corrouruus
1205 1748 1608 1840 nouoouuus,

962 1963 1381 2049 rnonrrur.
1433 1990 1479 2062 ῃ.
1569 2048 1573 2059 ,

411 2149 419 2166 ·
506 2181 516 2211 .
647 2061 1204 2227 471.Sicorpusfueritfilun
1226 2129 1451 2207 renuill'nnum
1472 2152 1601 2207 rectum
1624 2138 1718 2223 Aru,
1738 2137 1888 2210 invenire

548 2244 616 2332 ejus
631 2258 705 2307 axes
721 2226 919 2331 principales
935 2286 946 2320 ,
974 2256 1162 2334 eorumque
1178 2230 1329 2337 respectu
1342 2256 1516 2311 momento
1532 2242 1682 2310 inertiae.
1914 2240 1917 2249 '

1062 2458 1068 2469 ,
1107 2402 1352 2480 SOLUTIO.
1401 2390 1405 2395 ⁵

647 2534 697 2601 sit
713 2544 782 2600 toro
799 2523 846 2599 fili
862 2518 1041 2628 longitudo
1059 2528 1114 2599 AB
1125 2558 1166 2597 =
1179 2552 1220 2599 za
1234 2584 1245 2617 ‚
1268 2532 1304 2600 in
1317 2532 1411 2621 cujus
1427 2524 1542 2603 medio
1559 2549 1685 2632 puncto
1704 2532 1721 2601 1
1742 2508 1809 2603 erit
1825 2534 1891 2623 e'jrn
1925 2620 1927 2625 Ι

545 2650 700 2707 centrum
721 2635 888 2717 inertiae,
922 2649 959 2700 ut
982 2626 1020 2701 su
1035 2631 1082 2700 In
1098 2662 1138 2698 =
1154 2628 1196 2697 IB
1214 2653 1313 2701 za:
1341 2625 1439 2701 massa
1462 2654 1575 2703 autern
1604 2632 1682 2721 fili,
1705 2656 1793 2733 quae
1814 2654 1893 2733 geo·

545 2740 685 2809 metrice
699 2756 758 2831 per
771 2756 809 2805 za
826 2735 1025 2830 exprimitur
1041 2728 1080 2802 sn
1099 2762 1139 2799 =
1154 2730 1208 2806 M.
1260 2730 1333 2802 lem
1348 2755 1433 2803 unus
1450 2738 1560 2806 axium
1573 2732 1810 2833 principalium
1826 2752 1894 2805 cer·
1925 2720 1927 2731 ¹

546 2858 584 2908 ro
601 2836 645 2907 eil
662 2830 729 2935 ipsa
748 2832 834 2903 linea
861 2836 948 2919 AB,
982 2834 1076 2925 eujus
1101 2823 1253 2915 respectu
1279 2826 1493 2904 momentum
1517 2842 1655 2911 inertiae
1680 2834 1726 2908 est
1754 2833 1893 2921 nullum,

543 2938 688 3036 ideoque
707 2938 884 3006 minimum
900 2958 911 3008 ι
941 2932 1143 3032 bini'reliqui
1161 2926 1289 3003 suntad
1312 2934 1367 3003 AB
1384 2937 1418 3003 in
1442 2936 1458 3003 1
1481 2938 1676 3028 normales,
1711 2958 1894 3035 eorumque

545 3034 692 3137 respectu
713 3052 886 3107 momenta
899 3040 1037 3107 inertiae
1053 3032 1226 3135 aequalia,
1252 3038 1296 3104 ira
1313 3052 1480 3106 uteorum
1499 3035 1577 3109 litus
1601 3066 1673 3112 non
1695 3038 1895 3111 derermine·

544 3163 606 3212 tur.
660 3135 710 3210 nd
725 3155 937 3207 momentum
953 3164 1038 3235 ergo
1056 3140 1195 3207 inertiae
1210 3128 1363 3234 respectu
1379 3135 1449 3209 ralis
1466 3144 1532 3211 auis
1544 3136 1584 3210 od
1602 3146 1658 3214 AB
1673 3146 1709 3211 in
1723 3141 1739 3208 1
1762 3162 1893 3210 norme·

545 3243 582 3315 lis
599 3234 837 3313 inveniendum
855 3294 865 3333 ,
895 3238 1003 3309 lumro
1018 3240 1112 3309 11³:
1139 3236 1196 3331 lQ
1208 3270 1247 3305 =
1263 3263 1312 3326 κ,
1342 3234 1590 3316 elementorum
1615 3248 1660 3343 Pp
1674 3274 1713 3311 .-.-.
1727 3240 1785 3343 Qq
1799 3270 1842 3309 =
1855 3236 1895 3311 dx

545 3362 716 3431 momenta
735 3337 808 3413 lunt
822 3338 943 3427 xxdx,
971 3338 1081 3440 ficque
1095 3334 1272 3409 amborum
1294 3346 1503 3434 conjunctim
1523 3374 1560 3409 =
1575 3344 1715 3427 mxcix,
1742 3344 1912 3434 enimin-⁵

545 3449 669 3547 regrale
689 3454 768 3541 ἐπ’
785 3438 901 3549 polito
924 3468 949 3512 x
963 3476 1002 3509 τ.
1017 3469 1057 3525 a,
1085 3436 1141 3511 dat
1154 3460 1374 3527 ιιιιιιιιειιῐιιιιιΙ
1387 3446 1526 3514 inertiae
1544 3441 1592 3513 lrli
1615 3440 1766 3543 respectu
1791 3448 1894 3515 oxiuur

546 3548 586 3620 ad
606 3549 702 3621 filum
718 3552 753 3617 in
769 3547 784 3614 1
801 3539 1004 3616 norinaliurn
1018 3576 1058 3612 =
1075 3542 1148 3637 ζῶ
1169 3552 1246 3640 ²³}
1260 3544 1342 3616 Mra
1357 3542 1402 3614 ob
1419 3544 1460 3616 M
1473 3580 1513 3616 =
1529 3570 1575 3621 za.

1066 3696 1095 3767 C
1114 3696 1139 3766 0
1154 3697 1186 3769 R
1205 3696 1232 3767 0
1246 3699 1273 3767 L
1288 3699 1326 3769 L.
1367 3720 1393 3765 r.

647 3821 720 3890 472.
748 3798 819 3868 Bini
836 3784 920 3897 ergo
937 3792 1060 3893 reliqui
1082 3818 1157 3865 axes
1180 3792 1379 3895 principales
1402 3806 1537 3895 praeter
1561 3796 1633 3867 AIB
1648 3820 1720 3871 non
1743 3790 1895 3870 determi·

548 3918 669 3973 nanrur
688 3956 698 3984 ,
724 3895 930 3997 perindeque
947 3894 991 3969 est
1010 3950 1020 3987 ‚
1046 3920 1209 3994 quaenam
1225 3894 1308 3969 duae
1323 3896 1432 3972 rectae
1450 3916 1516 3979 ram
1529 3901 1618 3969 inter
1635 3892 1667 3968 se
1683 3922 1786 3997 quam
1804 3894 1846 3969 ad
1864 3892 1895 3969 fi·

550 4003 618 4072 lum
635 4006 667 4070 in
689 4004 702 4069 1
718 3997 885 4069 normales
903 4025 965 4098 pro
982 4002 1020 4069 iis
1037 4000 1253 4098 recipiantur.
1303 3998 1503 4099 Eorumque
1519 3993 1672 4095 respreru
1688 4018 1896 4071 momentum

548 4108 688 4174 inertiae
705 4108 729 4195 ἦ
744 4102 827 4171 Mae
843 4100 887 4171 est
905 4106 1089 4173 maximum
1105 4156 1116 4187 ,
1136 4104 1180 4171 itu
1193 4118 1228 4171 ut
1248 4094 1400 4175 medinm
1415 4125 1494 4175 curn
1509 4106 1658 4171 morin)
1678 4118 1858 4201 congruat.

650 4370 725 4443 473.
755 4350 842 4421 Cum
860 4256 1224 4436 momenrumcnlelliss
1234 4258 1396 4451 lielpeclu
1413 4356 1480 4422 axis
1500 4354 1557 4423 Au
1572 4348 1611 4423 su
1627 4350 1739 4423 nihilo
1756 4350 1898 4529 aequale,

551 4452 701 4560 respectu
726 4449 808 4525 alius
833 4459 1059 4557 cujuscunque
1083 4458 1150 4525 axis
1173 4456 1195 4523 S
1221 4454 1262 4527 ls
1280 4452 1321 4526 ad
1344 4457 1400 4527 AB
1415 4451 1541 4555 angulo
1560 4454 1633 4527 Ars
1653 4454 1731 4556 :l
1747 4461 1899 4531 incinere

1848 4560 1899 4631 erit
