4092 5134
315 424 320 433 ’
456 360 1118 561 corsoruuaturuorun
1144 416 1187 519 a·
1216 426 1429 523 uranus
1458 434 1538 529 &a
1592 366 1673 547 sn

849 689 951 773 :03
992 672 1046 769 dp
1076 684 1111 763 -ι-
1140 618 1400 701 ‘'²⁰''le

325 1040 535 1231 quaet-imp
547 1042 587 1121 fit
600 1044 668 1148 adp
684 1048 806 1151 †ydq
818 1055 851 1135 ψ
864 1024 1042 1137 esto,
1075 1046 1361 1151 quemadmodum
1385 1052 1431 1126 eli
1460 1054 1527 1158 pclp
1548 1058 1586 1147 4
1606 1052 1676 1160 qdq

692 1344 696 1353 .
793 1270 1195 1356 senorium

442 1458 506 1527 8¹²·
533 1442 602 1515 Etsi
619 1444 675 1513 hic
689 1441 862 1539 problema
878 1438 1099 1541 praecedens,
1123 1438 1213 1541 quali
1230 1448 1295 1535 jum
1312 1436 1393 1516 ess'et
1409 1440 1576 1533 solutum',
1602 1442 1674 1545 spe·

328 1542 441 1629 davi,
465 1564 577 1615 tatrieu
595 1542 796 1643 plerumque
811 1542 911 1615 arisbo
925 1540 1136 1643 problemata
1160 1549 1320 1645 conjungi
1339 1570 1525 1655 conatuque
1546 1542 1673 1618 resolu-

328 1648 460 1715 tionem
481 1642 578 1717 sunul
602 1644 725 1715 inslitui
759 1661 917 1744 oportet,
956 1639 1243 1743 quenadmodum
1261 1650 1297 1715 in
1317 1643 1538 1743 praecedente
1564 1652 1672 1744 capite

329 1740 373 1815 de
387 1754 486 1815 motu
499 1746 668 1817 turbinum
682 1738 853 1820 usuvenit.
903 1746 996 1815 Haec
1009 1738 1134 1815 scilicet
1148 1742 1325 1817 antbortun
1338 1744 1674 1845 problematumcon·

331 1842 460 1939 juuclio
477 1840 656 1921 neccssaria
669 1845 733 1931 cll,
759 1842 893 1945 quando
907 1849 994 1915 vires
1009 1842 1224 1931 sollicitanlcs
1239 1872 1257 1917 a
1276 1844 1338 1917 suu
1352 1854 1506 1947 corporis
1521 1841 1673 1917 absoluto

354 1940 501 2034 eadent,
526 1942 619 2046 qnod
633 1942 781 2045 quidem,
798 1944 824 2017 si
845 1946 931 2017 uires
949 1962 1106 2015 externae
1129 1936 1303 2030 all'tterint,
1330 1943 1459 2047 semper
1478 1955 1675 2049 contingere

329 1972 428 2119 solet.
484 2050 547 2117 His
561 2050 663 2145 igitur
677 2044 824 2133 cafibus,
850 2064 1023 2117 momenta
1044 2048 1238 2139 viriutul’,
1263 2049 1321 2147 Q,
1344 2050 1376 2118 R
1396 2050 1521 2122 arcus!
1531 2106 1543 2135 ,
1568 2076 1627 2135 m,
1652 2073 1675 2119 n
1726 2126 1729 2131 ,

332 2140 521 2235 αοῙοτταῐΓε
539 2152 640 2216 etium
654 2146 792 2249 angulos
808 2157 852 2241 λ,
874 2172 925 2241 μ,
951 2170 968 2215 s
988 2144 1165 2218 involvent
1180 2169 1190 2219 t
1217 2150 1259 2217 ita
1277 2167 1313 2217 ut
1327 2172 1444 2219 omnes
1463 2156 1674 2249 aequatioues

332 2244 455 2327 coroll.
477 2272 499 2323 1·
524 2247 689 2321 exhibitae
714 2245 809 2319 flutul
855 2242 992 2345 erpeudi
1014 2242 1182 2328 debeant,
1212 2266 1388 2359 autequam
1410 2244 1536 2321 solutio
1559 2246 1677 2347 suscipi

332 2366 440 2447 queat.
499 2344 626 2441 Quodsi
640 2374 762 2449 corpus
777 2272 910 2445 instlper
935 2363 1030 2417 motu
1055 2342 1268 2447 progressuro
1295 2350 1450 2436 seratur,
1477 2352 1551 2422 lieri
1581 2344 1676 2435 solet,

332 2446 472 2520 ut'uires
491 2454 590 2519 etiam
607 2448 646 2517 ab
661 2472 703 2519 eo
718 2444 910 2545 pendeant,
936 2470 977 2517 ex
998 2472 1068 2549 quo
1090 2442 1253 2517 formulas
1278 2467 1410 2520 motum
1434 2447 1678 2551 progressuum

331 2547 541 2621 involventes
560 2546 656 2619 fimul
676 2546 715 2619 ad
740 2546 882 2647 reliquas
906 2550 1001 2639 adjici
1024 2547 1227 2646 oportebit,
1261 2550 1379 2647 quibus
1402 2549 1524 2621 casibus
1553 2546 1677 2622 solutio

333 2654 477 2720 inarime
498 2648 694 2747 complicata
715 2646 885 2722 reddetur.
941 2648 1042 2717 Nunc
1064 2652 1166 2745 igitur
1181 2649 1233 2717 his
1259 2650 1519 2745 problematibus
1544 2646 1677 2746 expedi·

335 2744 410 2821 ditis
423 2748 594 2848 problema
635 2748 766 2821 euerale
783 2746 824 2819 de
846 2764 942 2819 motu
957 2746 1065 2817 libero
1088 2771 1274 2845 corporum
1300 2748 1492 2850 rigidorum
1515 2778 1533 2821 a
1553 2750 1676 2821 viribus

335 2850 589 2951 quibuscunque
604 2774 861 2923 slsllicitatorum
877 2846 1015 2947 aggredi
1033 2852 1231 2949 poterimus.

732 3010 1158 3091 'Paestana
1207 3036 1263 3105 90.

437 3148 502 3225 813.
528 3142 563 3212 Si
587 3165 709 3239 corpus
745 3136 890 3239 rigidum
915 3143 1012 3209 initio
1034 3137 1345 3240 quomodocunque
1375 3142 1565 3239 projeslum
1588 3134 1681 3212 dein-

334 3265 412 3341 ceps
436 3264 454 3309 a
477 3242 603 3313 viribus
624 3242 873 3415 quibuscunque
897 3234 1119 3328 sollicitetur,
1146 3266 1287 3345 quarum
1312 3240 1437 3313 ac‘lioni
1462 3242 1566 3314 libere
1590 3230 1680 3309 obse·
1734 3272 1737 3277 ·

316 3416 318 3421 ,
335 3346 393 3441 qui
408 3360 505 3441 queat
520 3400 530 3431 ,
561 3350 629 3438 ejus
647 3362 782 3415 motum
822 3343 1034 3415 eterminare.

868 3492 1203 3581 SOLUTIO.'

442 3625 544 3721 Quod
559 3638 670 3727 primo
689 3626 730 3703 ad
746 3638 814 3725 ejus
829 3646 962 3721 motum
976 3628 1245 3731 progressuum,
1272 3628 1328 3704 seu
1343 3650 1494 3721 motum,
1518 3660 1587 3735 quo
1600 3660 1678 3707 ceu·

336 3755 427 3808 trum
447 3736 584 3805 inertiae
609 3751 856 3829 promovetur,
890 3737 1041 3817 attinet,
1074 3738 1103 3802 is
1128 3759 1189 3831 per
1209 3733 1326 3807 eadem
1349 3754 1548 3833 praecepta,
1592 3761 1678 3837 quae

335 3860 401 3934 pro
425 3850 519 3911 motu
544 3833 745 3930 puutlorum
762 3828 835 3905 sum
856 3828 993 3917 tradita,
1009 3828 1197 3905 definierim
1268 3832 1511 3931 Scilicctutota
1524 3836 1678 3937 corporis

335 3926 462 4018 suessa,
483 3958 566 4031 quae
584 3932 621 4006 sit
640 3967 679 4003 =
692 3936 733 4006 M
751 3990 763 4030 ,
787 3940 823 4006 iu
841 3940 909 4026 ejus
926 3951 1043 4007 centro
1057 3936 1196 4007 inertiae
1210 3932 1358 4007 'collecla
1376 3937 1612 4037 concipiatur,
1640 3962 1678 4007 ac

335 4032 470 4136 siugulis
484 4042 664 4107 snouteutis
683 4060 801 4107 oriones
823 4040 936 4123 vires,
962 4030 1086 4135 qudsus
1105 4061 1227 4135 corpus
1248 4033 1445 4129 sollicitatur
1460 4034 1680 4133 „secuudum

337 4132 429 4209 suam
445 4154 594 4237 quaeque
610 4134 833 4209 diredliouem
847 4134 905 4235 ipsi
921 4154 1039 4207 centro
1053 4140 1192 4209 inertiae
1209 4136 1436 4237 applicentut3
1463 4158 1500 4209 ut
1519 4140 1678 4211 habeatur

338 4234 429 4309 castis
453 4234 565 4335 puudli
586 4291 597 4330 ,
636 4248 725 4331 cujtu
749 4256 860 4307 etitem
880 4230 984 4325 mall}
1002 4232 1098 4307 finita
1120 4236 1167 4311 cll
1191 4234 1416 4313 censendaz.
1431 4241 1498 4326 M,
1518 4266 1536 4311 a
1555 4234 1677 4309 viribus

336 4322 529 4413 sollicitati,
557 4344 648 4429 cujus
664 4358 842 4436 propterea
859 4334 1051 4435 motus'pcr
1072 4346 1244 4441 praecepta
1268 4337 1363 4439 supra
1385 4334 1500 4433 tradita
1517 4334 1677 4410 determi-

337 4446 409 4513 uari
425 4441 475 4513 uel
493 4437 612 4542 saltem¹
621 4438 775 4515 tunnulis
792 4436 1116 4617 atnlyticisixpfflnl
1131 4450 1284 4545 poterit,
1308 4438 1399 4515 atillo
1415 4436 1523 4513 habita
1546 4442 1678 4509 ratione

994 4558 1060 4628 Η
1566 4558 1679 4613 motus
