4092 5134
808 343 1227 465 etantanto,

172 592 177 603 '
266 578 277 597 ⁸
338 604 421 694 que
435 571 697 661 tertio‘ternis
706 567 859 655 axibus
868 554 1160 685 principalibus
1175 559 1399 678 disparibus
1413 554 1711 678 praeditorum,

339 727 424 835 &a
439 720 560 812 nullis
574 720 731 810 viribus
746 716 1065 804 l'ollicitatorum.
1123 710 1276 801 Statim
1290 711 1343 796 ab
1359 712 1476 801 initio
1490 712 1612 826 hujus
1626 739 1711 807 tra-

339 871 528 960 ctationis
549 866 800 956 demonstrat
816 891 974 955 cuna.
997 890 1208 956 Avcron
1233 856 1354 968 illud,
1380 862 1505 978 -quod
1524 893 1601 981 per
1619 873 1711 955 uni.

334 1020 498 1114 versam
511 1018 799 1107 mechanicam
811 1017 987 1104 maximi
1002 1015 1060 1102 est
1072 1015 1286 1120 momenti,
1314 1014 1579 1130 principium:
1602 1042 1710 1135 quoa

337 1173 634 1284 modocunq'ue
649 1195 801 1283 corpus
815 1165 996 1281 rigidum
1010 1174 1244 1271 moveatur,
1266 1161 1357 1273 ejus
1370 1184 1534 1251 motum
1556 1171 1710 1281 quovis

287 1318 291 1325 ’
337 1342 554 1409 momento
592 1316 864 1434 compositum
891 1314 958 1405 seu
990 1314 1174 1403 mixtum
1197 1312 1360 1425 concipi
1392 1311 1502 1428 polle
1527 1330 1593 1403 'ex
1617 1348 1712 1405 mo-

336 1488 385 1555 tu
399 1468 649 1585 progreffivo
665 1469 797 1554 centri
811 1470 983 1571 inertiae
997 1466 1042 1556 δι
1057 1490 1115 1549 ex
1131 1460 1342 1576 gyratorio
1359 1463 1470 1548 circa
1483 1492 1612 1553 axem
1623 1506 1625 1511 ·
1635 1442 1720 1555 ali-¹

337 1646 465 1736 quem
478 1648 553 1736 per
566 1622 656 1732 ejus
671 1600 863 1705 centrum
880 1617 1050 1702 inertiae
1060 1630 1360 1725 transeuntem.
1416 1611 1609 1707 Remotis
1622 1621 1713 1732 jam

336 1765 1019 1873 viribussottiettantibusexternis‚
1034 1761 1471 1852 determinatiomotus
1484 1792 1712 1883 corporum

337 1919 461 2033 primi
484 1918 646 2032 generis
667 1913 780 2003 nulla
803 1911 966 2002 laborat
987 1910 1247 2022 difficultate,
1286 1926 1386 1999 cum
1411 1912 1522 1999 circa
1548 1915 1711 2007 nullum

338 2092 469 2153 axem
489 2070 630 2181 gyrari
653 2087 826 2182 queant,
872 2068 944 2180 qui
958 2093 1051 2152 non·
1074 2066 1169 2150 axis
1187 2063 1422 2180 principalis
1451 2070 1708 2183 proprietate

294 2262 301 2277 x
339 2214 539 2330 gaudeat,
568 2213 682 2301 unde
695 2213 832 2303 nullae
845 2216 1017 2301 omnino
1038 2216 1151 2303 vires
1172 2240 1232 2301 ex
1250 2212 1333 2330 ipso
1352 2237 1473 2304 motu
1492 2219 1708 2331 gyratorio

340 2360 396 2451 ad
413 2385 578 2451 motum
588 2362 843 2451 turbandum
855 2383 996 2451 ortum
1008 2360 1172 2451 trabere
1184 2362 1360 2480 pollunt-
1442 2342 1644 2478 Quaestio
1658 2368 1712 2456 de

340 2532 483 2603 motus
498 2540 722 2628 corporum
736 2486 902 2602 secundi
920 2517 1082 2628 generis
1104 2517 1413 2613 continuatione
1435 2519 1715 2606 determinan-

343 2659 398 2771 tln
411 2662 619 2755 calculum
632 2667 807 2783 quidem'
813 2665 985 2780 requirit
997 2660 1317 2787 quodammodo
1333 2665 1714 2784 complicationem

122 2796 127 2803 ⁸
217 2840 221 2849 “
342 2808 629 2905 nihito'tamen
645 2817 784 2903 ninus
798 2788 1005 2920 ejusmodi
1020 2841 1245 2927 corporum
1258 2819 1454 2903 motusin
1474 2841 1625 2929 genere
1641 2814 1715 2902 de·

330 2960 567 3048 ⁴terminare
582 2984 707 3075 atque
722 2936 961 3069 adnuosvis
980 2955 1095 3043 casus
1117 2959 1438 3048 accommodare
1460 2962 1584 3049 docet
1605 2988 1713 3062 car..
1745 3030 1748 3037 .

343 3134 577 3223 avctore,
618 3115 679 3199 ita
696 3127 745 3196 ut
764 3103 945 3223 perfetta
968 3110 1013 3199 ἃ
1034 3105 1230 3193 omnibus
1252 3110 1435 3196 numeris
1462 3106 1644 3197 absoluta
1667 3108 1717 3197 stt

344 3259 466 3374 hujus
478 3260 745 3381 problematis
761 3254 915 3345 solutio.
973 3252 1175 3371 Explicat
1187 3254 1305 3342 snnul
1323 3282 1471 3344 cLAR.
1487 3272 1716 3371 Avcnon,

342 3412 559 3523 quomodo
571 3431 713 3500 motus
728 3405 964 3517 hujusmodi
978 3432 1205 3521 corporum
1218 3405 1362 3497 reduci
1374 3428 1501 3523 queat
1515 3407 1569 3495 ad
1582 3407 1718 3525 dupli-

343 3565 721 3675 cemgyratorium‚
749 3581 881 3642 unum
895 3557 1092 3642 nimirum
1108 3556 1219 3642 circa
1233 3583 1362 3643 axem
1375 3555 1545 3645 mobilem
1561 3558 1611 3672 (a
1626 3564 1721 3646 mo-

342 3726 391 3795 tu
405 3713 516 3797 circa
529 3740 658 3799 axem
667 3706 892 3800 variabilem
904 3701 1072 3792 sollicite
1095 3692 1447 3819 distinguendum)
1461 3732 1544 3820 qua
1559 3734 1717 3823 corpus

345 3860 458 3961 circa
469 3857 598 3975 ipsum
619 3886 747 3948 axem
763 3851 1033 3973 principalem
1045 3851 1290 3971 fingttlarem
1304 3853 1574 3969 aequabiliter
1595 3884 1721 3970 gyra·

343 4024 424 4117 tur,
456 4008 558 4099 dum
571 4007 750 4098 secundo
758 4003 838 4124 ipse
851 4005 918 4092 hic
930 4008 1026 4093 axis
1042 4007 1153 4092 citca
1166 4000 1287 4121 polos
1304 4023 1428 4092 extra
1442 4032 1593 4115 corpus
1603 4004 1720 4097 fixos

238 4216 248 4227 -
344 4157 634 4247 circumfertur
648 4161 802 4277 pariter
815 4174 936 4242 motu
952 4152 1160 4268 uniformi.
1225 4152 1392 4243 Tertiae
1416 4150 1545 4242 clallts
1565 4182 1720 4271 corpo-

284 4396 291 4409 „
344 4321 442 4400 nim
455 4331 597 4399 motus
610 4306 1035 4427 longecomplicatior
1048 4303 1123 4415 est,
1151 4332 1201 4391 ac
1215 4310 1512 4422 aequationum
1525 4302 1722 4391 differen-

739 4443 746 4456 ’
1552 4450 1717 4544 tialium
