4092 5134
937 316 1357 423 PRAEFATIO.

480 550 667 659 ,inertiae
700 655 704 661 Ι
729 520 1218 671 Similitudo'utriusque
1239 539 1446 632 formulae
1466 543 1598 650 eoest
1622 532 1879 663 perietiio'n·¹

486 697 599 817 quod
613 696 807 808 utrinque
820 720 895 809 per
908 678 1162 815 elementum
1177 695 1377 807 temporis
1394 693 1440 784 dr
1454 695 1500 786 δι
1524 692 1698 812 duplam
1717 696 1857 785 aititu-

453 864 459 877 ’
484 845 624 933 dinem
644 868 704 954 ag
728 832 992 958 multiplicari
1014 860 1224 957 oporteat,
1254 861 1303 926 ut
1321 838 1456 958 ipsum
1478 842 1699 935 celeritatis
1723 849 1860 934 incre-

483 992 673 1080 mentum
686 982 957 1108 exprimatur.
1014 989 1267 1077 Admotum
1287 989 1411 1101 igitur
1430 999 1689 1106 gyratorium
1714 994 1859 1085 defini·

483 1143 641 1267 endum
654 1168 753 1256 prae
762 1141 956 1231 omnibus
971 1138 1081 1225 noiie
1094 1144 1260 1254 oportet
1271 1150 1534 1227 momentum
1545 1143 1857 1263 inertiaerespe·

486 1290 555 1381 &u
568 1264 916 1405 axisgyrationisu
972 1282 1265 1397 Patetuutem·
1293 1313 1393 1372 cum
1405 1287 1552 1402 pofitio
1566 1297 1661 1382 axis
1676 1299 1859 1411 gyratio-

485 1442 550 1531 nis
566 1426 942 1556 respetiucorporis
955 1434 997 1518 in
1013 1429 1219 1519 infinitum
1233 1434 1528 1554 variaripoffit,
1556 1440 1859 1555 ejusdem'cor-‚

485 1590 599 1707 poris
613 1574 770 1673 infinita
791 1580 948 1701 diversa
971 1579 1061 1667 dari
1079 1601 1293 1667 momenta
1309 1584 1494 1698 inertiae,¹
1513 1608 1638 1703 prout
1653 1588 1713 1687 ,ad
1729 1589 1858 1678 alium

486 1754 613 1850 atque
623 1732 751 1820 aliurn
764 1760 893 1832 axem
907 1729 1123 1844 reseratur,
1151 1715 1199 1817 ut
1214 1730 1313 1818 ideo
1330 1730 1453 1845 hujus
1468 1726 1671 1825 momenti
1687 1738 1861 1825 inertiae
1909 1786 1912 1791 ·

484 1881 744 1996 investigatio
757 1905 864 1997 opus
878 1879 1066 1969 maxime
1081 1874 1329 1966 laboriosum
1341 1875 1636 1989 eliesvideatur.
1693 1882 1770 1973 Ast
1784 1911 1859 1974 ve·

325 2020 327 2025 ’
380 2095 383 2101 -
486 2057 538 2120 ro
554 2056 704 2118 eran.
721 2053 931 2118 Avcuou
948 2026 1146 2145 peculiari
1160 2029 1290 2115 utitur
1305 2027 1499 2140 artificio,
1528 2036 1648 2148 cujus
1664 2060 1746 2151 ope
1765 2029 1859 2119 satis

332 2202 344 2213 '
489 2183 692 2270 concinna
707 2175 905 2267 methodo
918 2206 997 2294 pro
1011 2180 1161 2295 quovis
1176 2208 1352 2296 corpore
1366 2181 1501 2297 &pro
1523 2179 1623 2268 dato
1644 2183 1689 2266 in
1708 2176 1861 2265 eodem

489 2308 575 2423 axe
589 2345 855 2421 momentum
870 2326 1042 2415 inertiae
1056 2324 1239 2443 respectu
1258 2324 1367 2415 iliius
1389 2328 1484 2415 axis
1508 2326 1695 2443 indagari
1719 2323 1865 2441 potest.

489 2476 635 2569 Fufius
644 2475 903 2565 haecomnia
915 2466 1406 2595 explicanturinCap.V.
1417 2475 1487 2563 ubi
1499 2474 1573 2561 ista
1589 2478 1776 2563 maxime
1790 2502 1866 2559 no·

475 2613 582 2715 tatu
596 2626 720 2742 digna
734 2625 965 2744 proprietas
981 2650 1208 2742 corporum
1228 2622 1548 2713 demonstratur:
1583 2623 1674 2711 dari
1696 2627 1739 2710 in
1760 2652 1866 2738 quo·

489 2779 555 2868 vis
571 2804 747 2892 empore
763 2795 848 2860 tres
864 2797 992 2880 axes,
1024 2800 1206 2887 quorum
1220 2773 1402 2890 respciiu
1414 2763 1677 2864 momentum
1689 2773 1864 2877 inertiae

491 2926 541 3016 iit
554 2924 623 3017 vel
639 2924 877 3012 maximum
889 2915 959 3006 vel
971 2919 1210 3032 minimum,
1238 2920 1399 3037 hosque
1414 2949 1520 3009 axes
1533 2916 1609 3010 sese
1623 2922 1864 3023 invicemin

440 3117 442 3121 ·
493 3072 640 3166 c'entro
656 3071 828 3160 mertiae
842 3065 896 3155 ad
911 3064 1085 3181 angulos
1100 3070 1234 3159 rectos
1247 3067 1404 3182 secare,
1431 3073 1550 3160 itaut
1572 3074 1708 3186 quiris
1735 3070 1862 3185 piano

494 3222 674 3336 duorum
688 3218 945 3336 reliquorum
962 3214 1009 3302 fit
1022 3216 1384 3335 perpendicularis.
1457 3216 1531 3307 Ob
1545 3220 1744 3336 insignem
1757 3219 1865 3305 hanc
1929 3282 1932 3287 -

493 3358 791 3493 proprietatem
826 3386 913 3453 tres
937 3363 1032 3457 illos
1059 3398 1165 3457 axes
1184 3363 1428 3485 principales
1449 3388 1576 3457 vocat
1600 3396 1749 3457 crau.
1773 3394 1868 3458 Av-

496 3552 656 3631 eson,
686 3518 810 3647 atque
827 3536 918 3603 tum
932 3513 1117 3632 explieat
1130 3518 1329 3629 modum,
1361 3489 1576 3633 quomodo
1593 3547 1650 3606 ex
1675 3546 1867 3609 momen·

494 3675 549 3760 tis
566 3672 743 3757 inertiae
757 3661 937 3781 respeiiu
958 3664 1092 3752 trium
1108 3669 1257 3758 axium
1276 3663 1566 3786 principalium
1592 3668 1750 3784 absque
1770 3696 1868 3784 pro·

496 3817 588 3907 lixo
601 3814 764 3906 calculo
785 3830 1048 3901 momentum
1067 3817 1239 3904 inertiae
1258 3817 1448 3930 ejusdem
1473 3820 1659 3933 corporis
1682 3812 1867 3933 respeim

498 3966 604 4056 alius
619 3970 906 4083 cujuscunque
921 3961 1017 4049 axis
1034 3988 1108 4079 per
1122 3967 1212 4077 ejus
1222 3984 1413 4051 centrum
1423 3965 1594 4050 inertiae
1609 3961 1867 4075 transeuntis,

496 4114 675 4235 hincque
689 4141 815 4236 porro
834 4136 1002 4226 quoque
1016 4109 1197 4232 respetiu
1213 4110 1389 4200 aliorum
1405 4115 1597 4200 omnium
1618 4109 1675 4199 iiii
1694 4096 1869 4228 paralle-

497 4262 851 4384 iorumaiirgnari.
868 4260 997 4381 poffit
1083 4261 1266 4383 Hocque
1292 4260 1422 4352 modo
1449 4263 1634 4355 inventio
1665 4266 1871 4352 momenti

808 4388 818 4404 i
1682 4416 1869 4528 inertiae,
