4092 5134
531 425 606 513 226
638 408 838 505 CAPUT
851 402 986 499 vitta
1014 389 1227 489 DEAXE
1243 376 1814 497 GYRATlONlSLlBERO

639 725 708 793 577.
737 589 1203 799 tn'quotrbuergocuiriiri
1216 586 1402 757 lilledo
1418 636 1888 773 cerredanturyxesgyr'dtiu:

540 808 590 877 nis
604 801 699 892 liberi
716 859 726 888 ,
760 806 817 900 qui
836 795 960 869 scilicet
974 790 1050 868 sunt
1066 800 1140 885 ,ejus
1166 812 1241 858 axes
1256 779 1479 885 principales,
1508 784 1598 852 cirea
1619 800 1703 879 quot
1718 772 1889 879 itellibere

362 970 377 981 ..
465 1000 467 1007 Ι
541 909 656 1006 gyrari
671 899 794 1003 pellit,
819 919 855 970 ut
872 890 1080 994 axeslsponte
1097 894 1260 1017 inquiete
1281 880 1506 986 perseverent.
1565 928 1575 939 -

1045 1056 1296 1134 conatu
1347 1070 1384 1128 a

646 1207 717 1286 578.
739 1194 774 1263 Si
792 1193 855 1263 tria
872 1187 1067 1289 principalia
1080 1203 1254 1261 momenta
1263 1180 1393 1257 fuerint
1408 1176 1551 1257 inter'l‘e
1572 1174 1783 1282 inaequalia,
1823 1190 1893 1246 tret

543 1311 672 1365 tantunt
689 1289 808 1364 dantur
823 1318 897 1365 axes
911 1299 1096 1393 gyraticnis
1119 1289 1243 1378 liberi3
1271 1312 1315 1359 ne
1340 1312 1381 1358 ue
1403 1311 1525 1386 corpus
1549 1290 1637 1355 eirca
1658 1280 1765 1383 ullum
1786 1274 1895 1361 aliurn

464 1408 468 1415 '
542 1420 664 1483 arreni,
691 1376 816 1465 etiainii
837 1418 896 1491 per
911 1412 1066 1465 centrum
1081 1396 1219 1463 inertiae
1233 1313 1408 1475 trudeat,
1433 1391 1548 1490 gyrari
1568 1380 1706 1487 potest,
1731 1381 1820 1478 <suin
1843 1378 1894 1471 vi·¹

542 1496 633 1569 ribus
656 1500 799 1569 externis
812 1516 896 1595 opus
910 1492 958 1597 lit¹
967 1492 1008 1566 ad
1025 1519 1122 1567 axem
1137 1487 1395 1593 continendum.
1578 1580 1581 1585 ι
1618 1538 1632 1567 .

1024 1662 1408 1744 conoLL3;

641 1807 717 1880 579.
739 1787 797 1859 Sin
816 1802 930 1859 autem
952 1810 1166 1862 momentum
1191 1786 1342 1862 medium
1369 1780 1505 1886 aequale
1527 1776 1567 1853 su
1590 1775 1645 1851 vel
1668 1778 1821 1853 maximo
1834 1768 1896 1845 'vel

541 1890 684 1961 minimo
700 1947 711 1976 ‚
736 1887 805 1957 bini
823 1915 897 1961 axes
919 1892 1118 1988 principales
1142 1917 1213 1963 non
1232 1887 1524 1979 determinantur„
1548 1876 1607 1952 sed
1627 1902 1747 1953 ornnes
1763 1875 1808 1949 ad
1827 1892 1893 1949 ter·

541 1995 628 2109 tium
647 1986 816 2162 norlnpales
830 1996 901 2090 pari
916 1988 1063 2091 gaudent
1077 1999 1308 2093 proprietate,
1334 1987 1480 2089 ideoque
1504 1986 1617 2085 etiam,
1629 1978 1706 2058 sunt
1728 2004 1806 2069 axes
1834 2002 1894 2081 gy·

542 2110 681 2164 rationis
717 2120 726 2162 r
752 2115 809 2161 err.

1054 2244 1303 2317 tortora.
1354 2264 1387 2330 4.

645 2406 718 2484 580.
740 2396 784 2466 nt
800 2392 825 2468 li
839 2398 955 2469 omnia
974 2400 1037 2466 tria
1049 2380 1560 2493 nromentrrpriucipalialuerint
1584 2392 1672 2461 inter
1688 2379 1721 2457 se
1736 2378 1895 2489 aequalia,

482 2582 484 2587 Ι
544 2494 594 2563 nti
609 2490 647 2563 fit
666 2499 700 2562 in
716 2492 819 2593 globo
836 2516 868 2568 ct
885 2499 970 2568 cubo
987 2553 997 2585 ,
1023 2520 1141 2566 ornnes
1159 2493 1257 2593 plane
1275 2494 1384 2567 redlae
1404 2519 1465 2593 per
1482 2510 1637 2567 centrum
1652 2492 1795 2559 inertiae
1810 2506 1897 2559 tran·

544 2588 676 2666 seuntes
702 2603 943 2694 proprietatem
963 2601 1075 2669 axium
1103 2594 1563 2697 principaliuruhabebunt,
1590 2614 1782 2693 corpusque
1808 2592 1896 2663 circa

547 2720 605 2811 eos
622 2693 725 2767 libere
747 2703 861 2797 gyrari
879 2706 1016 2801 poterit.
1342 2690 1344 2696 ⁵
1649 2704 1652 2711 ’

1057 2849 1383 2925 semotior.

650 3009 718 3089 58¹·
747 2998 841 3095 Qrae
858 3020 895 3068 er
920 2992 1052 3097 usupra
1067 2996 1109 3071 de
1136 2998 1248 3070 auibus
1273 2993 1509 3097 principalibus
1534 2974 1894 3095 omniurn-'corporum

548 3093 745 3169 tradidimus
766 3156 775 3185 ‚
810 3124 882 3169 non
895 3023 1004 3169 lulum
1025 3106 1060 3172 iu
1078 3107 1274 3172 inventione
1289 3117 1545 3172 momentorum
1559 3102 1698 3169 inertiae
1716 3102 1894 3185 maximum

549 3197 672 3269 habent
705 3194 828 3285 usum,
863 3196 918 3271 sed
943 3208 1044 3273 etiarn
1070 3208 1105 3275 in
1126 3197 1291 3300 praesenti
1316 3200 1565 3300 investigatione
1587 3215 1696 3270 toturn
1720 3202 1894 3299 negotium

551 3299 760 3388 conficiunt,
788 3327 864 3370 cunt
882 3307 917 3372 in
932 3308 1052 3401 quovis
1070 3329 1215 3400 corpore
1235 3328 1309 3374 axes
1331 3300 1529 3402 principales
1551 3305 1641 3401 iique
1666 3295 1728 3370 soli
1746 3298 1812 3373 sint
1826 3316 1893 3371 exet

553 3408 734 3502 gyrationis
754 3402 872 3489 liberi,
898 3408 984 3472 circa
1009 3430 1095 3503 quos
1121 3428 1243 3502 corpus
1263 3410 1307 3475 ita
1323 3407 1437 3503 gyrari
1457 3398 1581 3501 polltt,
1607 3421 1732 3472 utnon
1755 3422 1842 3502 opus
1858 3396 1893 3473 fit

556 3508 590 3572 ui
609 3523 745 3574 externa
760 3498 800 3573 ad
817 3529 874 3575 cos
890 3509 924 3573 in
939 3509 1051 3602 quiete
1077 3502 1278 3577 retinendos.
1340 3499 1637 3601 Qremadruodum
1658 3527 1742 3601 ergo
1764 3508 1803 3575 in
1841 3526 1895 3597 uo·

557 3608 607 3674 uis
624 3629 769 3702 corpore
782 3601 893 3703 rigido
913 3624 1067 3677 centrum
1089 3612 1228 3679 inertiae
1249 3606 1296 3677 est
1318 3605 1480 3703 punilum
1499 3607 1643 3676 maxime
1667 3530 1894 3691 memoralis,

558 3710 650 3797 cujus
666 3712 751 3777 ratio
769 3733 827 3803 per
845 3702 1032 3777 universnm
1048 3708 1287 3783 Mechanicam
1309 3702 1459 3779 latissime
1474 3726 1588 3806 patet,
1612 3711 1658 3775 ita
1682 3730 1757 3777 axes
1778 3708 1895 3806 princi·

483 3870 487 3880 ,
558 3802 674 3905 pales,
708 3813 766 3906 qui
787 3802 983 3883 limulsunt
1004 3834 1078 3879 axes
1099 3814 1283 3909 gyrationir
1304 3805 1427 3897 liberi,
1461 3811 1638 3908 inquovis
1661 3800 1896 3905 corporeum

557 3912 667 3979 minus
685 3904 759 3979 sunt
772 3928 889 3981 notatu
908 3905 1026 4010 digni,
1053 3937 1131 3981 cunt
1146 3916 1185 3983 iis
1201 3904 1353 3982 universa
1370 3905 1523 3982 dodirina
1543 3905 1584 3979 de
1603 3925 1896 4011 utoturorpotum

557 4006 667 4080 libero
679 4012 859 4085 innitatur.'
898 4012 1229 4110 lnter‘proprietates
1244 4037 1328 4113 ergo
1342 4036 1526 4111 corporum
1548 4008 1853 4099 rnecltanicas'axes
1864 4014 1903 4083 tii.

555 4109 753 4207 principales
768 4108 842 4207 poll
858 4132 1012 4184 centrum
1023 4119 1162 4185 inertiae
1176 4119 1391 4213 praecipuum
1409 4113 1523 4183 locum
1546 4110 1697 4182 obtinent
1714 4166 1724 4195 ‚
1751 4118 1896 4213 atqucin

556 4218 675 4312 quouis
691 4236 856 4308 corpore,
887 4221 978 4307 cujus
995 4235 1107 4289 motus
1124 4212 1358 4289 exaruinundus
1373 4208 1565 4310 suscipitur,
1588 4216 1622 4282 in
1641 4210 1673 4283 id
1694 4212 1895 4307 potissimum

557 4319 620 4385 erit
634 4310 891 4383 incrunbeudurn
909 4366 920 4406 ,
953 4332 989 4382 ut
1006 4323 1075 4409 ejus
1092 4340 1167 4389 axes
1183 4314 1384 4414 principales
1399 4318 1626 4414 exquirantur.
1678 4314 1828 4414 Triplex
1844 4314 1895 4389 sci·

557 4410 634 4487 licet
659 4411 754 4502 datur
778 4438 960 4513 corporum
982 4421 1159 4517 cognitio,
1183 4423 1293 4517 prirna
1312 4421 1548 4517 geometrica,
1570 4440 1633 4523 qua
1657 4421 1735 4510 cius·
1751 4416 1895 4493 euentu

1728 4516 1893 4609 mensura
