4092 5134
280 422 405 543 2230
423 420 633 519 'catur
647 412 752 519 vur.
790 374 887 513 ¹ur
912 418 1033 515 nrm
1046 420 1405 517 ornaments
1418 374 1612 513 trumo

335 617 492 707 nascitur,
508 646 617 722 neque
629 625 694 691 exit
713 616 755 690 de
770 612 832 689 litu
849 611 910 687 suo
923 614 981 691 srbi
997 615 1166 721 paralleloj
1181 613 1393 705 deturbatur,
1416 634 1532 690 erotus
1546 618 1687 715 gyrato&

253 728 257 737 '
336 728 405 797 rius
421 723 548 797 uullam
564 728 786 797 mutationem
802 724 936 818 patitur.

777 886 783 909 ¹
843 886 1175 963 renormat.

436 1044 502 1113 591.
526 1020 662 1093 Veritas
679 1016 775 1111 hujus
793 1015 1035 1089 Theurematis
1051 1024 1151 1091 etiam
1165 1040 1227 1116 per
1244 1016 1300 1105 ca',
1322 1042 1405 1117 quae
1422 1013 1517 1117 supra
1526 1014 1568 1087 de
1578 1010 1688 1087 'nrotu

335 1120 487 1199 absoluto
496 1140 527 1193 et
536 1114 721 1219 respodivo
737 1114 812 1189 lunt
831 1114 989 1217 expolita,
1009 1116 1144 1221 quando
1156 1134 1290 1219 corpus,
1308 1118 1349 1190 ad
1357 1116 1570 1219 quodmotus
1578 1114 1688 1189 refer·

337 1249 404 1313 tur,
414 1218 631 1296 uniformiter
640 1214 845 1291 indireeiutn
855 1218 1085 1321 progreditur,
1099 1218 1474 1295 sufficienterslabilitur.
1497 1224 1690 1295 Ctimenim

336 1352 458 1424 corpus
476 1382 487 1413 ,
512 1318 606 1423 quod
621 1339 753 1393 motum
767 1320 977 1423 gyrato'riuru
991 1328 1077 1397 cirea
1093 1319 1260 1425 quendam
1283 1348 1378 1397 axem
1395 1320 1616 1423 principalem
1632 1346 1686 1409 ae·
1709 1324 1713 1339 ‘

336 1433 485 1528 ceperit,
510 1428 603 1497 hunc¹
615 1441 746 1495 mutum
759 1443 926 1523 perpetuo
941 1430 986 1496 ita
1003 1423 1201 1511 conseruet,
1229 1442 1265 1494 ut
1278 1430 1345 1495 axis
1367 1421 1485 1523 sponte
1501 1442 1635 1495 ttraueat
1651 1426 1688 1493 itt

336 1536 471 1631 quiete,
495 1524 585 1595 idem
601 1528 731 1596 eveniat
745 1520 873 1596 necesse
890 1524 935 1597 est
952 1582 960 1612 ,
990 1526 1015 1598 st
1036 1552 1157 1624 eorpus
1173 1532 1208 1597 in
1223 1521 1327 1625 spatio
1344 1522 1560 1597 uniformiter
1582 1530 1619 1595 in
1634 1520 1686 1593 di·-

336 1632 466 1703 rcslum
479 1628 546 1697 lato
563 1620 713 1697 versetur
722 1660 739 1709 ·‚
764 1628 927 1727 hujusque
942 1622 1092 1725 respeelu
1108 1636 1176 1722 ejus
1187 1633 1254 1699 aris
1273 1623 1428 1729 quiescat.
1478 1626 1703 1717 Tumfenim·

337 1758 390 1803 res
407 1726 527 1801 codem
543 1724 646 1811 redit,
674 1752 710 1798 ac
726 1723 751 1799 st
768 1753 889 1826 corpus
910 1724 1058 1807 absolute
1074 1726 1293 1802 uniformiter
1310 1736 1346 1800 in
1360 1726 1525 1800 direslum
1540 1752 1685 1827 progre-

337 1832 467 1920 diatur,
489 1828 651 1928 simulque
664 1834 751 1899 circa
764 1856 859 1901 axem
869 1830 1111 1931 principalem,
1132 1838 1189 1931 qui
1207 1850 1369 1931 perpetuo
1385 1830 1484 1903 situm
1500 1827 1558 1901 fibi
1575 1826 1684 1927 pural-

337 1932 440 2005 leltun
464 1927 600 2017 seruet,
624 1930 853 2029 ‘aequabiliter
877 1953 1030 2029 geretur,
1096 1938 1149 2005 Ex
1170 1959 1242 2034 quo
1271 1958 1323 2004 res
1347 1939 1390 2003 ita
1416 1936 1551 2031 concipi
1573 1926 1685 2031 potesl

338 2032 427 2133 quali
450 2038 483 2101 in
509 2055 654 2128 corpore
677 2029 798 2127 duplex
821 2026 938 2103 inesset
961 2053 1099 2123 rnotur,
1126 2032 1210 2105 alter
1232 2040 1444 2135 gyratorius‚
1468 2058 1538 2133 quo
1559 2054 1684 2129 corpur

336 2143 423 2207 cirea
439 2129 604 2233 quendam
620 2157 716 2202 axem
733 2130 949 2229 principalem
963 2154 1120 2233 gyratur,
1146 2133 1229 2207 alter
1245 2162 1328 2206 vero
1350 2133 1594 2235 progrellluus.
1615 2156 1685 2233 quo

335 2242 403 2307 axis
422 2261 498 2305 cum
513 2258 657 2330 corpore
672 2238 719 2304 ita
731 2234 933 2331 abripiatur,
957 2256 993 2306 ut
1015 2241 1082 2308 axis
1098 2254 1263 2335 perpetuo
1285 2235 1383 2308 sturm
1406 2236 1463 2307 libi
1485 2230 1685 2333 parallelum

336 2333 524 2411 conservet.
579 2338 688 2434 litque
704 2336 782 2405 hinc
798 2340 897 2406 etiam
919 2336 1131 2438 intelligitur,
1147 2365 1165 2409 a
1187 2338 1312 2409 viribus
1330 2334 1426 2438 supra
1442 2334 1591 2409 definitis
1608 2360 1683 2407 mo·

335 2458 407 2509 tum
435 2443 643 2537 guintoniam
668 2436 807 2533 perinde
832 2436 1008 2510 accelerari
1027 2438 1081 2511 vel
1103 2436 1266 2511 retardati
1290 2460 1478 2539 oportere,
1505 2464 1543 2509 ac
1563 2436 1589 2509 st
1614 2440 1682 2507 axis

358 2529 544 2623 uiesccret‚
579 2535 741 2635 lituulqne
762 2543 876 2622 vires,
904 2565 989 2637 quae
1011 2536 1120 2613 solum
1142 2562 1271 2612 motum
1290 2539 1535 2642 progressurum
1550 2534 1683 2611 afficere

332 2569 408 2713 sunt
431 2635 602 2725 oslenste,
640 2638 724 2709 nihil
738 2645 814 2738 quic
840 2664 913 2709 tram
932 2646 966 2711 iu
984 2661 1081 2714 motu
1098 2648 1273 2741 gyratorio
1291 2663 1447 2725 mutare,
1481 2646 1525 2711 ita
1538 2657 1575 2711 ut
1592 2659 1681 2723 utet·-

333 2769 398 2843 que
417 2760 527 2811 motus
546 2736 699 2827 seorfitn,
726 2666 912 2837 qttastloltts
929 2736 1064 2839 adesset,
1083 2742 1286 2815 confiderari
1302 2766 1409 2842 queat.
1459 2744 1554 2813 Haec
1568 2746 1689 2839 igitur,¹

335 2845 453 2944 qu'ibus
471 2862 537 2912 tam
554 2839 688 2938 mugnis
706 2838 795 2912 casus
812 2860 925 2912 motus
947 2842 1042 2915 liberi
1057 2870 1241 2943 corporum
1261 2844 1451 2945 rigitlorutn
1474 2847 1678 2929 continetur,

337 2950 481 3017 omuino
497 2937 571 3011 sum
586 2937 708 3041 digna,
735 2960 770 3009 ut
787 2940 980 3042 diligentius
995 2944 1206 3020 evolvantur.

715 3070 1161 3185 'urrrurrr'o
1218 3132 1269 3184 ιο.
1722 3154 1725 3185 ,

439 3256 512 3323 592.
544 3238 650 3308 Morus
665 3244 787 3309 mixtus
802 3264 843 3308 ex
860 3236 1047 3337 progrefflvo
1062 3252 1271 3339 argyrarorio
1284 3238 1355 3328 eli,
1384 3266 1453 3337 quo
1471 3264 1596 3343 corpus
1608 3266 1677 3343 par·
1723 3286 1725 3329 ;

334 3342 395 3409 tim
418 3341 506 3408 circa
529 3340 719 3433 quempiam
743 3364 837 3407 axem
860 3336 1080 3436 principalem
1110 3336 1166 3412 seu
1192 3342 1334 3413 liberum
1356 3363 1525 3441 gyratur,
1557 3348 1677 3441 partim
1719 3334 1725 3417 l

333 3464 417 3511 uero
435 3444 480 3509 ita
496 3433 629 3538 insuper
646 3458 832 3533 mouetur,
857 3456 893 3511 ut
912 3445 1063 3537 ejuraris
1083 3440 1142 3515 stbi
1158 3438 1290 3545 semper
1305 3460 1437 3515 tnaueat
1454 3440 1644 3543 parallelus.
1722 3426 1725 3499 l

876 3606 1087 3703 conorjt.
1112 3630 1139 3689 ι.
1219 3644 1222 3649 ·

433 3759 502 3827 593.
528 3730 579 3803 Ad
605 3742 735 3803 motum
758 3754 841 3830 ergo
865 3729 965 3803 talem
988 3738 1132 3807 mixtum
1156 3736 1458 3837 cognoscendum,
1480 3734 1523 3809 ad
1537 3734 1677 3839 quodvis

336 3854 463 3935 tempus
482 3830 573 3904 nosse
590 3850 755 3932 oportet,
784 3842 823 3901 1⁰.
837 3831 1044 3906 celeritatem
1061 3836 1254 3939 angularem
1270 3845 1356 3911 circa
1373 3864 1467 3909 axem
1480 3846 1677 3941 gyrariouir,

334 3950 376 4007 2⁰.
395 3936 595 4007 celeritatem
613 3960 677 4033 qua
693 3939 759 4003 axis
779 3952 877 4003 motu
899 3934 1108 4037 progressuro
1131 3960 1381 4035 promouetur,
1406 3955 1438 4009 et
1461 3952 1503 4025 3⁰.
1521 3940 1677 4023 direliio·
1710 3954 1713 3959 '

333 4064 411 4109 nem
426 4038 524 4127 lmjus
538 4053 648 4105 motus
663 4032 881 4135 progress'rvi,
898 4034 1077 4137 quomodo
1092 4037 1132 4112 ad
1147 4066 1243 4113 auem
1257 4044 1443 4143 gyratiouit
1458 4038 1498 4113 lit
1513 4030 1677 4117 inclinata.

847 4206 1103 4301 convii,
1151 4230 1186 4287 a.

445 4360 519 4431 594.
560 4335 720 4414 Celeriter
752 4366 859 4439 porro
892 4342 1057 4439 augttlaria
1097 4334 1218 4413 eodem
1249 4340 1355 4417 ruodo
1380 4345 1570 4421 aestimatur
1581 4348 1603 4437 '',
1634 4368 1680 4443 10,
1702 4364 1711 4400 ·’

331 4441 356 4517 fi
388 4442 454 4509 axis
471 4433 705 4538 quiesceret:
748 4440 898 4515 celeritas
936 4461 1076 4530 autem,
1118 4464 1163 4541 ac·
1188 4436 1330 4515 directio
1359 4466 1472 4523 motus
1496 4446 1679 4555 progrellin„

1586 4602 1596 4619 ·
1644 4554 1678 4661 r
