4092 5134
431 418 1038 571 uouunrunnuauu
1055 362 1562 515 omtrromsane
1606 429 1692 543 2⁶9

339 616 496 687 iuventae
519 609 594 688 sunt
609 611 919 695 faccommodatae:
947 611 996 687 fin
1015 612 1133 686 ‘autem
1157 616 1479 790 corpua'lpyraretur
1501 614 1688 698 insensum
1762 654 1768 663 ·

339 721 575 805 contradunt,-
608 712 776 789 formulae
795 713 964 788 facillime
979 740 1021 787 eo
1040 712 1257 805 referentur,
1316 726 1462 793 atuentlo
1481 720 1688 799 celeritatem

325 823 582 921 ¹gyratoriamrt
599 822 799 919 negativam.
852 822 965 917 Atque
983 814 1026 887 lic
1044 815 1309 917 probleruasshoc
1328 818 1590 912 difficillimum,
1617 852 1687 925 quo

339 924 482 992 variatio
499 938 741 995 momentanea,
751 922 920 1021 quaeritur
938 973 949 1003 ,
974 913 1056 987 dum
1072 944 1194 1017 corpus
1206 924 1295 993 circat
1306 946 1405 995 axem
1419 931 1686 1025 non-principa·

338 1020 407 1093 lem
423 1040 587 1122 gyretur,
614 1015 687 1091 satir
703 1016 887 1115 commode
905 1012 1102 1090 resolvimus
1120 1077 1130 1106 ‚
1151 1044 1229 1091 cum
1244 1018 1412 1095 formulae
1427 1024 1623 1125 postremae,
1645 1024 1688 1098 ad

336 1148 419 1225 quas
436 1120 569 1193 tandem
585 1116 709 1193 solutio
726 1121 772 1193 ell
788 1117 964 1219 perducite,
981 1146 1053 1193 non
1070 1119 1156 1193 adeo
1170 1118 1234 1192 lint
1250 1129 1444 1211 intricatae,
1458 1146 1496 1197 ut
1510 1126 1688 1226 simplicio·

336 1248 392 1297 res
408 1224 580 1322 experiare
595 1215 745 1294 licuisset.
794 1222 916 1321 Neque
937 1224 1038 1294 etiam
1062 1215 1205 1322 sulpicio
1225 1222 1323 1296 ullius
1348 1232 1473 1298 erroris
1497 1233 1532 1299 in
1557 1229 1686 1303 calculo
1779 1278 1783 1287 ·

337 1322 503 1399 commillt
520 1323 632 1395 locum
647 1323 758 1409 habet,
782 1350 859 1395 ctun
873 1319 1021 1395 formula
1030 1348 1095 1424 qua
1108 1328 1355 1399 incrementum
1362 1326 1540 1401 celeritatis
1550 1330 1685 1431 augula-

335 1433 382 1499 ris
400 1428 443 1505 da
459 1426 655 1525 exprimitur
671 1483 681 1510 ‚
704 1421 745 1494 acl
760 1450 878 1496 otmaes
893 1410 965 1494 (res
977 1450 1052 1497 axes
1066 1425 1265 1523 principales
1279 1452 1383 1528 aeque
1400 1424 1587 1518 referatur,
1612 1451 1686 1504 tum
1766 1457 1773 1469 ¹

334 1518 500 1603 dbrivatio
517 1524 628 1627 anguli
641 1527 725 1597 AOS
743 1551 784 1597 ex
799 1523 922 1627 angulo
939 1528 1028 1621 COS,
1042 1552 1116 1597 rem
1128 1524 1313 1601 firmilluue
1327 1535 1473 1603 evincit:
1501 1558 1538 1603 ac
1551 1531 1687 1606 tandem

335 1634 550 1730 aequationes
565 1634 600 1700 iu
615 1626 786 1727 postremo
800 1624 921 1700 coroll.
943 1629 1109 1701 exhibitae
1124 1629 1210 1700 hanc
1225 1635 1469 1728 proprietatem
1489 1636 1613 1705 habere
1627 1634 1685 1723 de·

330 1728 592 1830 'prehenduntur
612 1784 623 1816 ,
651 1747 689 1801 ut
712 1726 752 1801 fit
774 1729 823 1801 dat
834 1725 891 1815 [aa
904 1729 962 1819 cas
973 1755 1000 1801 a
1019 1740 1055 1819 -Ι-
1071 1728 1119 1813 dc
1131 1730 1161 1819 f
1171 1726 1200 1805 C
1210 1733 1297 1829 rosc
1311 1744 1345 1821 †
1358 1732 1409 1815 dy
1419 1730 1479 1829 sy
1493 1740 1543 1831 cos
1557 1758 1585 1825 y
1599 1768 1638 1803 =
1651 1748 1690 1823 o,'

335 1838 386 1903 uti
407 1830 561 1904 conditio
578 1828 769 1930 principalis
792 1826 904 1922 εοῙιι2
921 1829 1076 1923 ÷cofc²
1095 1839 1200 1928 †cos
1209 1842 1260 1928 γ’
1279 1867 1320 1903 .-..
1336 1854 1352 1901 1
1369 1839 1483 1931 exigit.
1547 1836 1687 1908 Tcrnae

334 1952 447 2005 autern
478 1932 666 2033 postremae
694 1958 731 2005 ae
757 1934 942 2013 nationes,
978 1954 1059 2000 ctuu
1075 1954 1113 2001 ea
1137 1958 1223 2032 quae
1243 1928 1465 2007 differentiale
1487 1935 1533 2011 du
1554 1932 1686 2025 definit,

333 2033 469 2133 plenam
492 1958 931 2134 problematis'lolutiourm
953 2035 1127 2129 continet,
1150 2035 1204 2105 ubi
1227 2032 1365 2134 quidem
1389 2036 1556 2136 quaelibet
1582 2043 1686 2107 trium

333 2134 469 2207 illarum
491 2142 602 2207 omitti
616 2132 736 2233 potest.
802 2133 835 2201 Si
852 2157 974 2229 corpus
996 2126 1164 2229 iusupcra
1183 2138 1308 2209 viribus
1330 2144 1472 2209 externis
1490 2132 1686 2209 sollicitare-

334 2256 419 2332 tur,
445 2230 566 2310 solutio
583 2262 653 2311 non
670 2233 779 2307 multo
796 2229 967 2305 difficilior
982 2229 1158 2325 evaderet,
1188 2232 1476 2339 quemadmodum
1492 2244 1529 2311 in
1545 2234 1687 2339 sequeng
1794 2288 1797 2293 -

334 2358 372 2409 tc
393 2336 598 2437 problemate
615 2334 827 2439 ostendetur.

696 2498 1186 2591 Puonttma
1270 2505 1323 2586 m

393 2642 403 2673 ο
432 2672 507 2754 676.
533 2667 568 2735 Si
590 2686 712 2759 corpus
736 2658 882 2831 ripidum
905 2715 915 2745 ‚
951 2656 1033 2727 dum
1053 2662 1142 2728 circa
1161 2685 1255 2731 axem
1278 2665 1591 2765 quemcunque'per
1612 2677 1683 2761 ejus

333 2787 490 2845 centrum
511 2768 649 2836 inertiae
678 2782 752 2830 tran
779 2778 909 2860 nutem.
925 2771 1062 2857 gyratur
1087 2812 1098 2843 ,
1138 2762 1307 2834 aviribus
1342 2768 1592 2867 quibuscunque
1614 2766 1679 2841 sol·

331 2872 503 2951 licitetur‚
530 2860 670 2934 definire
684 2864 905 2935 variationem
920 2874 1197 2961 momentaneam
1208 2882 1275 2936 tam
1290 2871 1327 2938 iu
1347 2864 1420 2967 ipso
1444 2895 1502 2942 axe
1523 2896 1624 2969 quam
1645 2877 1684 2945 in

331 2970 506 3045 celeritate
527 2962 677 3067 angulari
693 2959 918 3061 indebitam.

861 3142 1151 3216 totvm

308 3338 312 3345 .
436 3303 484 3372 Sit
502 3299 550 3375 lO
566 3302 662 3384 axia,
690 3302 778 3368 circa
798 3310 901 3392 qneru
924 3316 1046 3389 corpus
1063 3320 1152 3365 nunc
1167 3313 1306 3394 geretur
1335 3296 1506 3373 celeritate
1528 3302 1678 3404 angulari
1703 3307 1775 3417 Fig,
1789 3320 1846 3402 gg,

280 3446 284 3453 .
326 3436 371 3477 =
390 3429 434 3495 8,
465 3396 654 3481 insensum
676 3397 966 3489 ABC,acpritno
992 3390 1183 3490 dispiciatur
1208 3405 1279 3489 ejus
1306 3395 1383 3471 litus
1401 3398 1680 3498 respecluaxiun'r

325 3500 565 3605 principalium
587 3505 663 3586 ln,
704 3503 773 3583 lli,
811 3496 887 3589 le,
919 3520 1066 3593 quorum
1088 3493 1239 3595 respetfiu
1265 3522 1437 3571 momenta
1457 3511 1597 3578 inertiae
1615 3506 1680 3580 sant

326 3608 438 3691 tvtaa,
464 3596 566 3688 Mil,
596 3604 694 3687 Μαι,
747 3595 904 3695 olitiaquc
927 3594 1069 3667 nrc‘ubus¹
1087 3600 1147 3669 ΟΛ
1166 3634 1207 3667 =
1223 3624 1274 3694 a,
1300 3602 1357 3671 OB
1374 3636 1412 3669 =
1427 3608 1475 3691 c,
1501 3606 1564 3677 OC
1577 3642 1617 3677 =
1637 3636 1676 3703 y,

325 3732 391 3811 per
408 3703 579 3802 problema
597 3626 798 3805 praecelens
816 3718 1019 3796 quaeratur,
1044 3719 1207 3797 quantum
1232 3702 1442 3797 tempusculo
1468 3707 1507 3779 dt
1523 3725 1593 3781 mm
1607 3704 1675 3783 {exis

326 3812 512 3913 gyratiouis
537 3806 607 3893 lO,
638 3828 738 3909 quam
757 3796 907 3872 celeritas
933 3796 1097 3898 augularis
1121 3800 1166 3873 ob
1188 3797 1295 3871 solum
1311 3820 1442 3876 motum
1464 3818 1678 3907 gyratorium

326 3913 451 3987 autrtari
468 3905 594 3981 debeat.
671 3902 806 3975 Scilicet
824 3899 847 3971 li
864 3899 960 3997 polus
983 3909 1168 4001 gyratiouis
1195 3928 1236 3973 ex
1251 3905 1285 3975 0
1298 3904 1393 3979 abeat
1409 3908 1445 3979 in
1458 3934 1500 3999 o,
1534 3910 1677 3989 vidimus

279 4058 283 4075 .
324 4014 408 4091 fore
421 4016 668 4083 incrementum
688 4000 858 4077 distantiae
876 4003 939 4073 CO
956 4028 1053 4102 :72
1139 4030 1147 4039 ·

483 4215 578 4289 co·
596 4218 660 4293 00
683 4250 722 4289 a
743 4138 1637 4249 ctat-tudecosacossstau-oa-cu(tr-ccum
1659 4140 1682 4240 )

1126 4318 1292 4437 aplius?

328 4440 435 4519 atque·
445 4421 692 4498 incrementum
708 4414 821 4521 angttli
835 4420 925 4495 BCO
1427 4428 1430 4433 ’

961 4548 1052 4640 qu
1598 4542 1679 4620 oea

281 4720 420 4846 t-
