4092 5134
1608 308 1617 339 i

1043 415 1284 515 CAPUT.
1316 416 1373 509 tt.
1450 418 1453 427 '
1573 416 1604 487 .'

1069 611 1284 688 COROLL.
1312 607 1352 691 a(

507 763 510 767 '
625 778 680 852 94
706 753 835 847 Quodst
851 784 937 863 ergo
951 779 1151 862 quaeratur,
1178 787 1237 835 cur
1253 757 1748 864 corpue‘absolute''quiescens
1770 758 1882 866 quiei·

523 882 614 952 cere,
624 859 821 935 veirnottun
835 890 872 936 ae
898 863 1050 953 nobiliter
1063 869 1100 934 iu
1116 860 1282 936 direeiurn
1296 873 1428 939 moveri
1445 882 1574 966 pergat,
1592 865 1652 937 alia
1669 861 1772 953 cansa,
1785 892 1882 967 prae·

522 966 661 1054 tercius
680 964 834 1036 inertiam
850 892 1149 1066 atiignarinequit5
1176 990 1286 1067 neque
1310 969 1408 1063 hujus
1429 971 1656 1070 phaenomeni
1679 963 1808 1042 causatu
1827 992 1883 1039 ur·

523 1086 626 1162 quant
641 1079 735 1134 extra
751 1092 873 1171 corpur
890 1071 1004 1169 quaeri
1023 1064 1114 1138 licet.

1038 1219 1368 1293 SCHOLION.

625 1390 674 1461 95
700 1371 780 1440 Vox
803 1374 938 1441 inertiae
953 1373 1094 1466 proprie
1111 1366 1239 1441 adeam
1256 1392 1441 1468 corponun
1466 1366 1708 1467 proprietatem
1733 1366 1883 1442 indican-

524 1466 614 1556 dam,
631 1495 696 1571 qua
704 1463 906 1569 quiescentia
922 1473 957 1539 in
974 1475 1089 1569 quiete
1105 1469 1292 1569 persistunt,
1303 1468 1348 1543 est
1366 1466 1520 1558 adhibita,
1543 1489 1720 1569 propterea
1735 1469 1829 1573 quod
1846 1476 1884 1543 in
1913 1502 1918 1509 ’

527 1574 597 1645 hoc
612 1572 694 1645 flatu
708 1574 817 1642 motui
834 1566 867 1641 se
883 1568 972 1669 quast
989 1590 1187 1670 opponunt:
1217 1567 1274 1644 sed
1290 1576 1368 1672 quia
1388 1597 1545 1670 corpora,
1559 1578 1594 1642 in
1610 1591 1706 1651 motu
1723 1575 1901 1646 constitu--

525 1694 574 1760 ta,
583 1699 687 1775 aeque
696 1667 729 1744 se
747 1676 842 1743 omui
861 1676 1035 1745 mutationi
1051 1679 1194 1763 ratione,
1209 1694 1276 1747 tarn
1293 1671 1482 1760 celeritatis,
1490 1700 1590 1773 quant
1604 1669 1810 1763 direc‘iionir,
1821 1700 1884 1774 op·

528 1795 683 1876 ponunt,
707 1776 776 1845 hoc
788 1799 917 1845 nonren
932 1773 1020 1844 haud
1036 1779 1149 1872 inepte
1167 1775 1207 1848 ad
1223 1768 1514 1848 conservationem
1532 1775 1642 1870 statua,
1663 1775 1731 1848 stre
1747 1782 1885 1877 quieto,

528 1875 598 1953 five
621 1894 753 1962 motus,
769 1871 980 1947 indicandam
995 1871 1190 1975 ¹usurpatur.
1239 1881 1391 1949 Vocatur
1412 1882 1513 1947 etiarn
1561 1874 1650 1947 affnn
1671 1886 1882 1965 ais-inertiae,

530 1984 609 2078 quia
624 1984 676 2050 υἰέ
693 1975 739 2048 est
758 1973 884 2077 aliquid
909 1982 1089 2049 mutationi
1113 1977 1211 2052 ssatus
1233 1977 1417 2068 relueians5
1444 1971 1500 2053 sed
1535 1984 1612 2050 rvis
1636 1976 1796 2052 definitur
1822 2002 1885 2081 per

525 2072 659 2151 cansam
681 2102 934 2180 quamcunque,
958 2103 1024 2177 qua
1049 2077 1148 2151 ssatus
1170 2086 1356 2180 co'rporutn
1381 2097 1542 2167 nituntur,
1557 2082 1614 2151 hic
1629 2085 1665 2151 in
1682 2079 1739 2165 iiia
1755 2070 1882 2181 fignifi'·

525 2183 661 2253 catione
680 2184 875 2280 neutiquam
897 2184 999 2278 accipi
1024 2181 1152 2278 potest:
1188 2190 1256 2278 eius
1275 2200 1367 2254 certe
1392 2187 1477 2253 ratio
1493 2180 1637 2255 maxime
1650 2176 1817 2280 discrepat
1841 2180 1885 2257 ab

525 2308 580 2369 ea,
606 2306 671 2382 qua
685 2278 842 2381 deinceps
858 2289 945 2356 vires
960 2307 1060 2382 agere
1078 2281 1301 2356 ostendemus.
1352 2282 1466 2372 Quare
1481 2310 1525 2355 ne
1540 2287 1620 2355 hinc
1644 2280 1711 2365 ulia
1726 2278 1883 2356 consufio

524 2387 673 2480 oriatur,
692 2407 818 2456 nomen
840 2393 893 2457 vis
916 2388 1134 2481 omittamus,
1164 2404 1198 2458 et
1218 2389 1305 2461 hane
1331 2408 1519 2486 corporum
1537 2390 1783 2491 proprietatem
1801 2382 1883 2461 fim-

527 2484 663 2589 pliciter
677 2488 819 2563 nomine
832 2496 967 2561 imeae
979 2484 1230 2587 appellabimus·
1554 2534 1558 2541 ·

919 2621 921 2624 ’
1041 2641 1373 2715 rrrrrearro.

642 2796 699 2887 96.
726 2793 852 2865 inertia
870 2815 956 2892 ergo
968 2808 1094 2864 tantum
1110 2796 1259 2864 cernitur
1274 2796 1311 2861 in
1326 2791 1409 2865 staur
1425 2812 1610 2890 corporum
1623 2781 1797 2883 absoluto,
1822 2810 1883 2859 ne·

536 2916 605 2992 que
628 2893 670 2964 ad
699 2901 848 2994 quietem
875 2889 1095 2991 respeiiiuam
1126 2910 1182 2963 aut
1201 2911 1341 2965 motum
1366 2887 1589 2988 respectiutun
1616 2884 1739 2963 referri
1759 2888 1884 2987 potest.

537 2996 672 3092 Corpus
688 3000 791 3079 enirn,
808 2984 961 3087 respectu
975 2991 1124 3078 alterius,
1143 3009 1242 3064 motu
1262 3009 1434 3091 utcunque
1459 2998 1535 3062 inae
1559 2989 1656 3065 nubili
1680 3010 1716 3065 et
1737 2995 1775 3061 in
1794 2988 1883 3063 linea

536 3117 640 3165 curva
654 3091 811 3169 incedere
827 3091 955 3191 potest,
980 3119 1058 3165 curn
1074 3112 1186 3164 tamen
1198 3084 1355 3180 absolute,
1368 3090 1423 3163 vel
1446 3018 1614 3192 quieiqcat,
1632 3091 1687 3165 uel
1703 3088 1883 3175 uniformi·

535 3212 591 3268 ter
614 3193 837 3270 indirectum
858 3213 1056 3282 moveatur,
1080 3190 1227 3293 ideoque
1252 3198 1288 3264 in
1311 3192 1394 3266 flatu
1415 3188 1476 3266 suo
1496 3189 1707 3292 perseveret:
1733 3212 1832 3298 atque
1850 3192 1883 3269 'fi

536 3298 847 3401 uobiacontigerit‚
875 3321 997 3395 eorpus
1010 3291 1145 3382 uidere,
1169 3290 1293 3395 dequo
1310 3300 1393 3368 certi
1408 3292 1590 3385 fixerimus,
1611 3291 1645 3365 id
1667 3294 1750 3369 nulii
1776 3301 1882 3371 actio·

535 3405 571 3475 ni
585 3419 741 3476 externae
754 3396 821 3473 effe
834 3395 1035 3493 subjectum,
1052 3393 1362 3498 quomodocunque
1372 3392 1408 3467 id
1429 3396 1526 3469 nobis
1546 3393 1711 3470 videbitur
1725 3404 1798 3472 inae
1825 3424 1883 3471 tta·

535 3499 615 3574 liter
632 3522 732 3575 motu
745 3497 934 3601 respectivo
950 3496 1054 3586 ferri,
1082 3514 1173 3569 certe
1188 3515 1301 3569 tamen
1315 3504 1540 3596 pronunciare
1552 3505 1753 3598 poterimus,
1777 3427 1881 3574 idqui-

534 3596 648 3676 solute
661 3605 719 3677 vei-
729 3597 924 3703 quiescere,
941 3598 996 3673 vei
1011 3594 1278 3683 uniformiterin
1294 3596 1461 3673 directtun
1497 3597 1647 3702 regredi.
1708 3603 1884 3699 Quoniam

485 3781 498 3791 ι,
535 3723 650 3777 autern
672 3711 823 3807 quietern
844 3701 899 3775 vel
918 3721 1054 3774 motum
1074 3724 1261 3799 corporum
1278 3696 1411 3773 nonnifi
1430 3627 1584 3800 reiitectu
1614 3700 1760 3776 aliorum
1783 3707 1882 3781 nobis

536 3802 746 3906 cognoscere
760 3802 858 3890 iicet,
883 3798 997 3876 sensns
1009 3801 1105 3873 nobis
1118 3800 1237 3872 statum
1254 3810 1439 3901 corporum
1457 3799 1646 3877 absolutum
1666 3810 1808 3881 minime
1821 3806 1882 3885 de·

536 3905 682 3995 clarent,
702 3904 792 3980 nude
812 3910 986 3978 criterium
1008 3902 1108 3975 stanu
1130 3896 1270 3976 absoluti
1292 3900 1370 3976 inde
1391 3911 1556 4003 petitum,
1582 3903 1717 4007 quando
1734 3935 1882 4010 corpora
1922 3940 1927 3951 ·

533 4007 620 4082 uuili
635 4015 761 4083 actioni
774 4025 930 4080 externae
946 4001 1022 4076 sunt
1038 4000 1200 4097 subjecta,
1228 4008 1265 4077 in
1279 4006 1343 4093 hae
1357 4000 1491 4080 seientia
1504 4012 1642 4081 maximi
1659 4008 1705 4080 est
1720 4038 1879 4089 momen·

509 4134 511 4139 ·
534 4115 574 4182 ti.
622 4111 711 4183 Fieri
725 4129 836 4182 tamen
876 4106 970 4196 otest,
993 4122 1031 4176 nt
1047 4107 1116 4177 hoe
1132 4111 1262 4180 axioma
1278 4112 1379 4181 etiam
1391 4114 1429 4181 in
1444 4129 1543 4201 motu
1557 4104 1746 4207 respectivo
1763 4113 1880 4191 locum

532 4209 666 4309 habeat,
712 4208 824 4283 nando
842 4138 966 4283 AEilicet
985 4231 1119 4305 corpur,
1145 4216 1239 4302 cuius
1251 4204 1405 4310 respectu
1420 4229 1532 4284 mutua
1545 4209 1741 4303 aestimant,
1767 4214 1878 4317 ipsum

479 4318 515 4353 ”⁸
527 4317 567 4387 in
587 4311 671 4386 ssatu
688 4240 756 4389 ino
772 4331 907 4401 menet,
930 4312 998 4382 hoc
1024 4307 1071 4381 eii
1086 4308 1143 4385 vel
1158 4306 1312 4414 absolute,
1322 4306 1483 4417 quieieit,
1509 4307 1731 4417 aeiabsointe
1745 4316 1879 4398 unifor.

527 4416 686 4517 utiterin
695 4412 862 4493 directum
873 4426 1112 4517 promeretur.
1778 4448 1786 4459 ⁴

1776 4576 1877 4653 Tua·
