4092 5134
592 301 604 341 '
683 326 1121 485 enarrarre..
1186 320 1220 344 ·”
1289 309 1333 352 ·’
1466 330 1470 336 ·
1639 406 1642 418 .

199 563 307 653 ratio
326 584 402 680 per
434 557 665 652 universam
685 559 974 653 Mechanicam
995 558 1334 678 latillimepatet3
1379 565 1438 654 ita
1460 592 1568 658 axes

150 785 152 789 .
195 708 466 829 principales,
494 713 567 828 qui
580 708 697 799 simul
711 707 798 797 sunt
812 740 917 802 axes
940 711 1172 828 gyrationie
1182 706 1318 822 liberi,
1353 700 1596 840 inquovie
1657 783 1660 789 .

197 888 376 976 corpore
391 873 477 946 non
498 863 636 948 minus
650 858 738 946 sunt
753 879 901 946 notatu
924 861 1057 975 digni,
1095 888 1193 946 cum
1215 861 1264 946 iis
1288 858 1474 948 universa
1494 859 1571 947 do·
1595 883 1601 901 “
1626 906 1628 910 v
1654 890 1657 900 ·

197 1007 328 1096 sirim
342 1007 397 1095 de
409 1027 528 1144 motu
546 1033 769 1127 corporum
783 1005 913 1094 libero
934 1010 1143 1095 innitatur.
1207 1006 1356 1097 Trium
1378 1037 1566 1097 momen·

196 1174 338 1243 torum
354 1160 526 1281 inertiae
543 1161 741 1274 corporiS,
771 1156 879 1271 quae
895 1150 984 1240 sunt
997 1160 1188 1242 maxima
1198 1148 1268 1244 vel
1283 1158 1467 1263 minima,
1480 1153 1575 1267 dun,
1645 1161 1663 1271 j
1795 1212 1798 1217 ·

196 1302 452 1432 elsepossunt
467 1303 671 1423 aequalia,
700 1304 813 1423 quod
828 1301 978 1391 accidit
995 1306 1038 1388 in
1057 1301 1250 1389 omnibus
1270 1300 1406 1427 solidis
1421 1310 1568 1411 torna}

141 1520 147 1528 .
193 1454 248 1538 tis
258 1451 544 1567 ¹homogeneis,
558 1459 658 1570 quin
675 1453 762 1540 lieri
777 1453 922 1569 potest,
950 1475 998 1539 ut
1009 1456 1150 1543 omnia
1163 1451 1240 1538 fint
1260 1449 1460 1569 aequalia,
1492 1452 1567 1557 ve·
1594 1564 1597 1568 ι
1624 1462 1627 1467 ’

122 1634 124 1639 ·
196 1597 273 1708 luti
287 1603 330 1687 in
345 1598 522 1717 sphaera.
580 1599 627 1691 Si
640 1622 855 1689 momenta
872 1582 1245 1716 inertiae'respeslu
1270 1597 1449 1688 duorum
1471 1606 1580 1713 axi·-
1655 1604 1683 1612 '‘

193 1749 566 1867 umprincipalium
581 1749 669 1839 sunt
684 1746 884 1866 aequalia,
912 1743 1091 1864 respeslu
1103 1745 1360 1863 reliquorum
1374 1751 1563 1864 omnium

192 1888 237 1983 in
253 1895 379 2014 plano
388 1869 624 1991 eorundem
647 1900 793 1984 axium
813 1894 1049 2012 aequalium
1072 1892 1242 1979 suorum
1263 1899 1486 2011 momenta
1494 1900 1563 2013 [in-

150 2032 171 2116 ¹·
193 2049 322 2136 ertiae
337 2043 427 2138 sunt
441 2044 640 2159 aequalia.
705 2045 773 2133 Ac
788 2047 830 2131 in
846 2073 1021 2162 corpore
1043 2045 1162 2155 cujus
1180 2046 1258 2130 tria
1271 2065 1486 2133 momenta
1495 2048 1564 2149 in,-
1611 2120 1612 2126 i

193 2196 321 2287 ertiae
344 2192 583 2310 principalia
611 2193 700 2283 sunt
723 2192 931 2310 aequalia,
973 2188 1133 2308 reliqua
1153 2195 1294 2280 omnia
1318 2214 1561 2310 aequantur.

128 2340 138 2350 ’
191 2339 339 2431 Prouti
355 2346 478 2458 igitur
493 2342 656 2461 duobus
671 2341 740 2433 vel
755 2345 887 2430 tribus
905 2343 1057 2428 axibus
1074 2339 1366 2458 principalibus
1390 2341 1560 2460 paribus

191 2489 377 2604 praedita
391 2490 466 2578 fint
479 2521 676 2608 corpora,
702 2491 771 2583 vel
793 2492 924 2577 tribus
937 2490 1098 2602 [axibus
1119 2486 1410 2609 principalibus
1432 2486 1561 2607 dispe}

121 2728 128 2739 ,
191 2639 305 2724 ribus
329 2617 558 2753 gaudeant}
595 2641 735 2752 quoad
762 2643 1039 2753 cognitionem
1062 2632 1348 2725 mechanicam
1369 2641 1559 2725 maxime

139 2838 143 2847 -
190 2805 338 2887 notatu
351 2784 475 2898 digna
490 2787 597 2871 inter
613 2785 760 2873 eadem
776 2750 993 2872 intercedit
1013 2780 1255 2868 differentia.
1323 2782 1435 2872 Cum
1453 2767 1570 2895 vero

189 2907 369 3050 quodvis
386 2924 537 3050 corpus
552 2937 681 3021 tribus
697 2931 750 3019 ad
765 2909 983 3018 minimum
998 2917 1148 3017 axibus'
1173 2915 1467 3048 principalibus
1489 2933 1557 3023 seu
1621 3010 1630 3017 .
1668 3034 1673 3041 ¹

123 3143 127 3157 ·
189 3079 328 3167 liberis
342 3081 388 3165 sit
401 3078 655 3192 praeditum';
683 3107 807 3165 omne
823 3106 980 3194 corpus
1001 3105 1168 3194 quoque
1184 3080 1392 3192 ejusmodi
1414 3105 1575 3185 motus'¹
1693 3183 1710 3201 Ι,
1830 3172 1833 3180 ,
1899 3056 1936 3105 “’

190 3229 250 3316 est
265 3257 422 3345 capax,
457 3232 633 3343 vicujus
662 3237 773 3319 circa
798 3225 927 3315 talem
947 3254 1076 3313 axem
1092 3208 1272 3313 liberum
1291 3228 1553 3316 uniformiter
1585 3272 1587 3276 =
1624 3236 1626 3241 ’
1754 3246 1761 3255 ·

186 3400 379 3494 gyratur,
408 3378 453 3468 ἃ
466 3376 635 3493 quidem
647 3378 716 3468 vel
731 3381 841 3464 circa
857 3402 984 3460 axem
998 3371 1286 3488 quiescentem,
1317 3362 1555 3465 ficentrum
1657 3390 1661 3398 “

171 3531 359 3638 *inertiae
375 3527 562 3641 corporis
577 3524 774 3640 quiescat,
802 3519 872 3612 vel
886 3524 997 3607 circa
1012 3549 1142 3609 axem
1162 3544 1281 3611 motu
1296 3524 1373 3637 ¹sibi
1395 3520 1553 3642 semper
1606 3546 1609 3551 '

167 3662 175 3672 ’
185 3673 382 3795 parallelo
395 3675 656 3763 uniformiter
669 3677 710 3759 in
726 3670 926 3763 direslum
943 3670 1295 3786 progredientem,
1324 3677 1396 3790 qui
1409 3695 1551 3761 motus
1570 3693 1576 3701 ’

185 3845 277 3912 tum
298 3823 446 3916 mixtus
469 3824 605 3929 estex
627 3818 876 3937 progrclsrvo
901 3819 945 3908 dt
967 3817 1137 3933 simplici
1157 3825 1381 3935 gyratorio.
1436 3821 1551 3909 Aesr
1691 3922 1698 3942 .

133 4056 139 4063 .
183 3991 400 4088 praeterea
416 4001 568 4089 eorpus
583 3971 635 4056 ab
651 3968 856 4083 ejusmodi
878 3969 1035 4056 viribus
1058 3964 1309 4077 sollicitetur,
1347 3996 1454 4084 quae
1479 3970 1551 4061 vel

183 4120 256 4241 ipsi
271 4143 415 4209 centro
437 4121 608 4208 inertiae
629 4117 705 4204 lint
728 4115 978 4233 applicatae,
1012 4111 1081 4204 vel
1101 4110 1278 4231 quarum
1302 4115 1548 4208 diresliones

182 4270 339 4363 cadunt
363 4273 407 4361 in
428 4265 601 4386 planum
628 4261 681 4355 ad
697 4289 832 4352 axem
855 4261 1043 4354 nonuale
1062 4292 1138 4381 per
1161 4286 1351 4356 centrum
1374 4234 1560 4354 inertiae

1361 4410 1546 4523 dudum,
