4092 5134
214 366 218 379 '
330 392 404 481 1⁶6
436 380 633 473 catur
650 376 722 469 ut.
753 374 830 463 ua
846 347 1299 463 ΡΕιιΤιιΒΛιιοΝΕ
1310 356 1520 461 Morus
1536 372 1617 463 ae.

332 598 445 655 autern
469 603 541 649 non
565 594 722 675 tanquam
740 571 938 669 quantitates
961 565 1134 641 variabiles
1154 560 1212 639 sert
1228 562 1424 641 indefinitae
1437 562 1513 638 sunt
1534 558 1686 665 spediur-

333 682 417 775 dae3
459 674 515 753 sed
529 680 610 749 haec
627 669 797 774 integralia
813 695 872 771 per
890 686 996 740 totam
1011 669 1167 769 eorporis
1182 667 1311 742 molem
1326 664 1460 741 extensa
1484 664 1560 741 sunt
1572 665 1686 742 intei-

334 780 480 885 ligenda,
497 786 540 851 ita
556 797 592 848 ut
611 775 781 848 obtineant
797 770 928 844 valeres
947 772 1130 843 constantes
1146 794 1183 840 ac
1195 766 1442 843 determinatos
1460 772 1500 841 ab
1516 767 1632 845 indole
1647 797 1687 845 ae

334 884 445 965 fornia
461 890 619 979 cujusque
635 880 787 975 corporis
805 869 998 971 pendentes.
1047 876 1097 943 nc
1116 872 1269 943 binarum
1312 868 1426 945 uidem
1448 878 1605 972 priorum
1628 899 1687 947 va·

339 989 427 1059 lores
444 1010 483 1056 ert
504 981 567 1053 situ
589 982 697 1063 centri
721 981 861 1049 inertiae
883 970 1017 1045 definiri
1046 972 1190 1044 vidimus
1215 1000 1224 1045 ι
1258 898 1463 1077 rddiquarurn
1486 999 1570 1047 aero
1592 974 1686 1049 raio-

293 1124 295 1129 ·
337 1114 390 1163 res
405 1112 444 1160 ex
460 1104 575 1155 natura
586 1072 817 1179 corporir'per
832 1094 928 1147 notar
945 1080 1180 1248 integrationis
1196 1080 1326 1175 regulae
1343 1082 1415 1148 erui
1438 1071 1571 1150 debent.
1624 1080 1686 1151 Po·

338 1192 585 1263 ssrerna.atrtern
604 1184 768 1279 imprimis
796 1177 842 1249 est
867 1194 983 1249 notatu
1032 1183 1135 1277 igna,
1160 1198 1240 1249 curn
1259 1172 1329 1249 sola
1351 1185 1388 1253 in
1410 1178 1689 1253 accelerationem
1709 1182 1714 1191 “

340 1290 393 1363 vel
409 1287 670 1362 retardationem
688 1275 917 1379 ingrediatur,
943 1276 1026 1349 durn
1040 1278 1102 1351 reli
1129 1303 1189 1352 uae
1208 1298 1338 1352 tanturn
1361 1287 1398 1353 in
1416 1278 1692 1381 expreffionibue,'

361 1418 421 1463 uae
441 1396 528 1462 uires
546 1387 585 1458 ab
600 1410 659 1457 axe
678 1382 866 1455 iustentatas
881 1376 1048 1469 indicant,
1074 1306 1196 1453 indunt.
1246 1382 1336 1455 Curn
1349 1384 1452 1487 igitur
1469 1384 1525 1457 hic
1538 1382 1688 1487 quaestio

336 1418 378 1566 de
393 1489 459 1592 ipsa
473 1508 584 1562 motus
601 1484 850 1585 perturbatione
871 1482 910 1555 fit
923 1488 1122 1583 praecipua,
1145 1508 1269 1583 operae
1284 1493 1431 1585 pretiurn
1448 1492 1531 1576 erit,
1553 1486 1686 1563 valorea

336 1592 502 1668 formulae
517 1589 640 1686 srrdM
656 1613 719 1685 pro
739 1590 836 1659 variis
852 1610 1037 1683 corporum
1054 1586 1233 1687 generibua
1249 1586 1436 1677 evolvere,
1456 1615 1493 1663 ac
1511 1606 1686 1694 praecepta

335 1692 494 1779 tradere,
516 1686 604 1762 ande
617 1688 667 1760 illi
689 1690 809 1791 quovis
834 1684 909 1759 casu
925 1684 1065 1759 'facilius
1087 1684 1203 1789 eolii'gi
1223 1692 1375 1789 queant:
1404 1708 1553 1765 intretur
1574 1686 1687 1765 iurent

336 1801 419 1869 haee
438 1791 731 1891 forrarulautique,
755 1806 791 1859 ut
815 1794 846 1861 ei
869 1814 996 1861 nomen
1023 1788 1189 1892 lingular'e
1215 1794 1519 1891 mimmijmrae
1537 1798 1686 1897 impona·

206 1972 212 1987 f
337 1924 411 1971 mus
429 1954 439 1995 ,
467 1902 558 1989 ctrjue
576 1892 821 1994 investigationi
839 1910 938 1992 caput
953 1886 1094 1992 sequena
1108 1887 1318 1967 destinamur.-

727 2144 1139 2299 catur
1217 2148 1313 2320 v„
1440 2262 1473 2373 ·.

409 2386 523 2494 DE
592 2384 1086 2513 MOMENTO
1151 2390 1630 2507 iNERTiAE.

823 2584 1168 2749 arrrurrro.
1211 2652 1245 2719 7.

447 2814 520 2883 422.
552 2714 790 2867 Momentum
812 2802 948 2867 inertiae
976 2797 1132 2894 eorporis
1162 2786 1313 2890 tespeiiu
1348 2800 1529 2895 cujuspiam
1556 2802 1625 2871 attia
1648 2796 1691 2873 eii

344 2892 471 2967 sutnnta
490 2898 645 2965 omniurn
662 2889 908 2987 produt‘iorum
930 2950 940 2989 ,
989 2922 1053 2971 nae
1068 2900 1252 2989 oriuntur,
1270 2893 1434 2995 srsrrrgtrla
1452 2904 1607 2997 eorporis
1625 2900 1690 2975 ele·

346 3018 455 3067 ntenta
475 3018 535 3093 per
556 2988 712 3090 quadrata
728 2988 956 3065 distantiarum
965 2922 1104 3067 (deteratur
1117 2994 1157 3065 ab
1174 3021 1233 3067 axe
1254 2995 1529 3097 multiplicentur.

860 3164 1099 3237 COROLL
1149 3184 1175 3234 a

446 3302 517 3374 423,
542 3276 721 3393 Qoniatn
742 3296 808 3349 tarn
834 3276 999 3354 elementa
1021 3292 1198 3388 corporis,
1228 3314 1328 3387 quarn
1350 3288 1507 3391 qnadtaua
1528 3292 1693 3371 distantia·

348 3412 423 3459 rutn
441 3380 569 3481 semper
593 3388 666 3453 iunt
690 3378 858 3481 positiva,
898 3390 1013 3456 omnia
1036 3389 1119 3463 haec
1141 3384 1305 3489 produlia
1326 3392 1467 3491 positiva
1485 3394 1547 3467 suat
1568 3396 1697 3483 necess'e

351 3488 421 3561 est:
457 3488 536 3559 hinc
550 3484 642 3557 audie
656 3488 807 3585 corporis
826 3480 925 3558 rnass'a
946 3507 1038 3561 certe
1054 3498 1124 3589 ejua
1149 3514 1364 3567 marnentuur
1385 3502 1522 3580 inertiae
1549 3522 1697 3605 augetur»

899 3644 1167 3727 COROLL.a

456 3810 530 3877 424.
551 3788 770 3863 Momentum
786 3818 821 3867 er
848 3820 870 3866 o
887 3798 1026 3869 inertiae
1044 3792 1182 3895 spedari
1195 3796 1301 3897 potest
1323 3816 1480 3899 tanquam
1494 3802 1698 3897 produdiunt

356 3919 395 3963 ex
417 3884 516 3962 ruaffa
532 3899 684 3989 corporis
701 3898 736 3967 in
751 3818 949 3995 quadratura
966 3904 1148 3998 cujuspiam
1164 3898 1268 3975 lineae
1287 3926 1298 3976 t
1325 3898 1412 3974 itast
1431 3896 1530 3973 rnass'a
1547 3914 1699 4005 corporis

353 3990 455 4065 fuerit
483 4028 523 4061 :2
554 3994 617 4077 M,
655 4002 723 4089 eiua
762 4019 973 4073 ntotneututtt
998 3996 1151 4103 respediu
1178 4008 1321 4101 cujusvis
1352 4006 1419 4077 axis
1440 4004 1698 4111 habebitlrujue·

351 4092 445 4167 modi
475 4090 622 4165 soranam
648 4092 736 4189 Mile.
886 4188 888 4195 Ι

865 4204 1110 4277 COROLh
1166 4230 1198 4293 a

451 4332 520 4403 425.
545 4310 691 4381 Invento
708 4338 791 4417 ergo
809 4342 984 4395 rrrotnento
998 4328 1138 4399 inertiae
1154 4336 1308 4431 eorporis
1327 4332 1478 4437 respediu
1493 4344 1586 4425 axis,
1614 4346 1700 4412 circa

352 4440 454 4517 quern
471 4410 597 4517 idflaate
611 4424 723 4515 gyrari
738 4412 958 4511 assurttsrtaus,
985 4421 1085 4529 idque
1102 4426 1205 4505 fuerit
1224 4466 1262 4503 ε
1272 4436 1365 4527 alit.
1380 4444 1416 4514 in
1431 4438 1589 4515 formulis
1607 4438 1701 4541 supra

1555 4546 1699 4619 inventis
