4092 5134
362 446 429 534 φα
531 403 731 495 casus
757 398 871 498 xrv.
926 398 1006 489 un
1030 390 1214 520 nonu
1242 386 1560 483 summunt
1599 396 1620 427 -·

365 606 487 681 ssantes
508 591 722 697 perseverare
737 584 865 697 posse,
911 582 1038 663 etiantli
1060 580 1116 658 vel
1137 589 1318 659 minimum
1345 579 1522 653 inelimtus
1570 574 1714 659 rocidat.

365 707 460 778 Tum
478 727 560 772 vcro
577 703 707 785 etiam,
731 702 808 795 quia
825 690 914 767 nulla
934 686 1021 761 adell
1035 682 1177 771 sr'idlio,
1202 684 1238 757 iri
1253 687 1320 755 hoc
1337 680 1400 755 litu
1415 607 1568 753 verticall
1582 677 1715 753 unifor-

365 810 464 879 miter
481 808 517 874 iu
542 797 706 871 direslum
731 793 890 896 progredi
912 794 1065 891 poterit,
1099 810 1301 887 quamquam
1323 788 1525 883 experientia
1542 806 1717 883 nunquam

365 922 507 1008 propter
523 898 717 974 fridilonem
736 876 931 969 consentiet.
983 880 1117 959 Deinde
1130 892 1208 987 quia
1229 886 1320 959 resia
1340 888 1425 959 Dlll
1442 882 1487 959 cll
1510 890 1578 973 axis
1593 890 1717 1001 princi·

366 1005 473 1109 palis,
498 1002 579 1077 fisa
596 1000 699 1075 suerit
714 993 900 1077 verticalis,
932 1010 1122 1087 corpusque
1147 992 1236 1058 circa
1259 1012 1334 1059 eam
1358 1004 1492 1058 motum
1505 992 1717 1087 gyratoriutn

368 1131 604 1211 quemcunque
621 1102 810 1197 acceperit,
840 1094 930 1163 lmnc
954 1104 1120 1188 perpetuo
1146 1084 1356 1161 uniformem
1381 1084 1619 1184 conservabit,
1647 1084 1719 1161 rua·¹

367 1230 470 1283 nentc
483 1207 571 1279 resia
589 1206 668 1279 utu
684 1208 827 1272 immota
841 1190 987 1293 ideoque
1001 1185 1167 1263 verticalis
1187 1212 1296 1290 neque
1307 1182 1364 1261 sris
1378 1194 1520 1290 gravitas
1536 1194 1719 1291 quicquam

368 1311 511 1383 turbabit
526 1313 560 1377 iu
574 1322 688 1389 motu,
717 1294 774 1372 sed
793 1316 863 1370 tota
885 1290 925 1363 ad
948 1289 1116 1363 turbinem
1138 1294 1173 1361 in
1197 1287 1329 1391 cuspide
1347 1292 1381 1363 D
1403 1288 1443 1361 ad
1464 1289 1600 1387 planum
1624 1294 1719 1364 hori·

363 1398 504 1484 'zotstnle
528 1397 784 1505 apprimeuduut
810 1389 1032 1491 impendetur.
1095 1392 1213 1463 Statim
1234 1410 1346 1464 autem
1369 1410 1468 1489 atque
1489 1392 1544 1463 hic
1566 1398 1634 1464 axis
1655 1394 1719 1464 AD

367 1513 425 1586 vel
443 1514 621 1584 minimum
639 1502 790 1575 inclinari
808 1498 978 1591 coeperit,
1006 1496 1149 1591 gravitas
1172 1518 1305 1567 motum
1324 1492 1467 1565 turbabit
1489 1550 1500 1579 ,
1537 1494 1719 1567 turbinem·

370 1640 436 1715 que
458 1608 648 1682 subvertere
664 1597 800 1690 teudet3
831 1592 872 1667 ad
895 1619 995 1697 quem
1013 1584 1171 1664 effedlum
1193 1594 1438 1697 explorandum
1457 1590 1556 1667 lituul
1577 1590 1619 1669 ad
1636 1601 1719 1685 vim,

371 1739 437 1814 qua
458 1708 564 1807 cuspis
588 1710 620 1777 D
644 1700 744 1800 plano
769 1692 975 1768 horizontali
999 1696 1223 1792 apprimitur,
1248 1692 1365 1795 respici
1388 1712 1535 1795 oportet.
1604 1698 1719 1789 Quan-

369 1841 470 1918 quam
487 1830 597 1882 autem
612 1806 695 1873 haec
711 1804 759 1869 vis
778 1798 822 1868 ell
842 1804 967 1897 ignota,
981 1818 1082 1895 astque
1100 1796 1139 1865 ab
1158 1800 1311 1869 omnibus
1333 1818 1445 1869 motus
1468 1796 1718 1871 circumstantiis

367 1913 511 2014 pendet,
538 1928 647 1976 tamen
666 1916 795 1971 certum
812 1898 868 1983 eli,
890 1905 958 1991 ejus
974 1892 1194 1970 diret‘liouem
1209 1896 1339 2001 semper
1353 1891 1418 1971 ell'e
1441 1897 1654 1988 verticalem,
1680 1900 1718 1969 ab

370 2040 474 2114 eaque
490 2002 633 2080 etmdcm
653 1996 808 2073 effcslum
827 2005 939 2095 oriri,
961 2024 999 2067 nc
1018 1995 1043 2068 st
1059 1999 1156 2069 turbo
1172 2006 1206 2069 in
1228 2000 1353 2099 puusbo
1376 2002 1409 2071 D
1430 1998 1630 2075 verticaliter
1646 1998 1716 2073 sur·

369 2112 445 2191 sum
466 2109 575 2203 apari
600 2107 632 2173 vi
655 2100 865 2201 pelleretur:
904 2096 972 2197 ipsa
997 2123 1081 2169 vero
1101 2106 1148 2170 vis
1175 2098 1305 2203 semper
1328 2122 1416 2175 tanta
1430 2096 1496 2173 csse
1519 2098 1644 2189 debet,
1683 2122 1720 2173 ut

277 2264 282 2271 -
367 2207 473 2309 cuspis
488 2206 521 2277 D
535 2222 699 2304 perpetuo
714 2200 815 2304 plano
827 2198 1031 2273 horizontali
1046 2225 1179 2273 maneat
1194 2204 1369 2303 applicata,
1388 2228 1428 2275 ex
1444 2230 1508 2303 qua
1522 2202 1719 2279 conditione

369 2316 438 2406 ejus
456 2308 621 2407 quantitas
636 2301 677 2375 ad
690 2300 833 2405 quodvis
855 2321 986 2403 tempus
1009 2298 1055 2373 cll
1079 2298 1251 2385 elicienda.
1299 2308 1359 2376 Sin
1377 2326 1489 2375 autem
1514 2306 1595 2376 haec
1613 2310 1664 2377 vis
1683 2322 1720 2378 ut

369 2414 504 2509 cognita
522 2401 711 2505 spesletur,
738 2425 850 2477 motus
864 2409 972 2476 centri
987 2406 1128 2493 inertiae
1155 2406 1172 2475 l
1194 2405 1361 2492 turbinis,
1386 2402 1479 2477 nullo
1507 2401 1657 2505 respediu
1679 2400 1720 2479 sd

369 2502 438 2603 ejus
456 2526 589 2581 snorum
609 2511 817 2607 gyratorium
836 2504 976 2603 habito,
1008 2500 1143 2579 definiri
1158 2513 1306 2609 poterit,
1331 2504 1367 2581 id
1390 2500 1481 2610 quod
1505 2502 1719 2608 insequente

369 2606 819 2712 problemateqeapediamus.
1625 2638 1633 2655 ·
1727 2620 1731 2627 ’

733 2756 1219 2833 PROBLEMA.
1303 2756 1360 2838 81.Ι

418 2886 423 2895 ·
482 2876 560 2961 767·
583 2868 618 2938 Si
639 2860 679 2936 ad
702 2863 845 2966 quodvis
875 2886 1005 2968 tempus
1029 2873 1163 2969 cognita
1184 2870 1288 2939 itteris
1304 2862 1425 2967 prelllo
1441 2864 1583 2969 cuspidis
1598 2870 1634 2939 in
1650 2865 1719 2969 pla·

368 2992 452 3046 mun
467 2965 703 3056 horizontale,
728 2964 951 3043 determinare
967 2988 1103 3041 motum
1119 2974 1226 3042 centri
1241 2972 1382 3042 inertiae
1406 2972 1555 3045 turbinis.

187 3248 263 3351 lig·
286 3266 358 3325 too.
473 3218 527 3297 dd
542 3221 656 3296 datum
672 3217 972 3322 'tempus'elapsum
995 3255 1036 3292 =
1058 3238 1101 3305 t,
1129 3236 1241 3293 teneat
1265 3227 1332 3295 axis
1356 3224 1495 3297 turbinis
1517 3224 1600 3300 llll)
1622 3222 1720 3297 litum

189 3336 208 3349 “
370 3350 609 3429 quemcunque.
621 3322 830 3410 inclinatum,
847 3319 972 3395 faciens
986 3346 1064 3393 cunt
1078 3320 1284 3395 horizontali
1300 3326 1361 3397 DF
1369 3326 1528 3427 angulum
1540 3326 1718 3413 FDllzss

368 3430 426 3503 ubi
441 3425 548 3526 culpis
566 3445 696 3527 premat
718 3420 856 3523 planum
879 3420 1094 3497 horizontale
1115 3428 1149 3494 vi
1171 3456 1212 3495 .-.-.
1230 3426 1254 3495 P
1272 3447 1284 3501 e
1315 3422 1408 3525 quod
1432 3424 1523 3501 idem
1542 3430 1587 3501 ell
1602 3482 1613 3515 ,
1629 3408 1721 3499 'acsi

369 3526 478 3629 cuspis
495 3528 528 3603 D
545 3525 778 3601 sollicitaretur
794 3518 922 3597 sursum
945 3520 1127 3597 secundum
1149 3518 1373 3599 diretttonsm
1394 3529 1588 3605 verticalem
1605 3533 1641 3599 vi
1660 3528 1723 3605 DP

367 3664 410 3705 ε
425 3632 449 3704 Ρ
470 3660 483 3722 3
508 3624 608 3703 massa
626 3645 738 3700 auteur
754 3622 911 3727 idemque
925 3622 1057 3725 pondus
1071 3627 1174 3698 totius
1189 3626 1327 3698 turbinis
1346 3624 1385 3700 sit
1398 3663 1438 3699 =
1452 3634 1505 3712 M.
1555 3636 1626 3704 lam
1643 3626 1724 3731 quia

370 3750 501 3805 tantum
516 3753 648 3806 motum
661 3732 768 3801 centri
783 3731 921 3801 inertiae
937 3728 1172 3831 lquaerimus‚
1187 3726 1256 3799 fine
1272 3724 1342 3800 ullo
1359 3722 1511 3830 respetlu
1528 3732 1568 3804 ad
1586 3751 1723 3804 motum

370 3841 583 3936 gyratotitun
607 3830 744 3917 habito,
769 3836 841 3927 ejus
861 3849 974 3902 motus
996 3824 1136 3931 perinde
1159 3824 1350 3918 afficietur,
1378 3832 1460 3905 acsi
1486 3854 1554 3906 tota
1581 3832 1722 3906 turbinis

369 3928 471 4011 melsa
500 3934 546 4012 Μ
579 3941 615 4007 in
644 3926 771 4033 pundo
810 3935 825 4003 l
860 3930 1000 4003 colletia
1030 3986 1041 4019 ,
1089 3932 1187 4033 eique
1226 3935 1314 4005 vires
1350 3926 1565 4009 sollicitantes
1605 3929 1722 4009 secun·

370 4034 455 4109 dum
492 4031 584 4109 suam
628 4052 798 4136 qmequae
831 4028 1056 4105 diresliouem
1099 4028 1278 4133 applicatae
1320 4024 1437 4129 essent.
1516 4037 1722 4109 Habebimus

369 4144 474 4240 igitur
505 4141 540 4208 in
573 4140 588 4208 l
626 4128 763 4207 trrall‘am
795 4167 834 4205 ε
863 4136 938 4232 M,
977 4130 1184 4207 sollicitatam
1214 4160 1232 4206 a
1259 4130 1396 4232 duabus}
1420 4136 1576 4229 viribus,
1616 4126 1723 4211 altera

370 4246 534 4343 gravitate
560 4270 600 4310 =
624 4238 666 4307 M
695 4234 897 4310 verticaliter
929 4230 1112 4309 secundum
1136 4236 1185 4307 lx
1213 4232 1402 4322 deorltun,
1448 4237 1550 4311 ultera
1579 4247 1674 4311 vi:
1698 4242 1723 4312 P

368 4340 576 4416 verticaliter
606 4332 735 4409 sursum
767 4332 951 4409 sectmdum
977 4339 1051 4437 Ὦς
1091 4337 1264 4436 exquibus
1291 4339 1339 4405 vis
1362 4334 1518 4413 deorsum
1539 4336 1723 4415 sectmdusn

368 4441 422 4525 {X
437 4440 617 4551 sollicitant
632 4436 891 4548 exoritur-{M
900 4438 984 4545 ΣΡ.
1033 4436 1124 4517 Cum
1140 4462 1224 4540 ergo
1239 4432 1435 4546 nulladadfit
1453 4449 1499 4517 vis
1508 4446 1723 4549 'horizonta-

1641 4544 1722 4621 liter
