4092 5134
302 432 322 451 2
418 400 923 503 comuscmoauu
941 414 986 503 a·
1004 368 1488 543 vuinusounu'sc.
1504 422 1582 514 aa.
1625 453 1681 543 97

325 596 390 703 ipsa
404 626 475 679 mn.
539 604 652 705 Quare
671 604 879 677 manentibus
902 603 1023 680 iisdem
1047 607 1173 679 viribus
1202 603 1455 683 sollicitantibus
1478 633 1591 689 motus
1615 603 1679 691 itu·

321 696 455 806 ppefl‘na
474 703 561 779 nibil
579 711 734 801 mutatio
746 704 809 783 fita
822 725 856 780 et
873 728 971 781 motu
985 707 1130 781 relativo
1150 709 1541 814 amborum‘corporum.
1675 696 1680 709 ¹

840 861 1089 956 coucam
1141 888 1162 937 t

441 1012 516 1096 246.
541 1010 619 1081 Hoc
635 1013 736 1081 etiam
754 1007 795 1082 ad
811 1009 904 1109 plura
920 1031 1011 1111 patet
1028 1037 1192 1111 corporat
1207 1021 1528 1115 quotcunqueenim
1546 1013 1683 1110 suerint,

325 1106 353 1183 i
370 1104 504 1209 smgulis
519 1110 616 1183 intitul
634 1131 745 1183 motus
764 1114 916 1209 aequales
933 1134 967 1186 et
979 1113 1128 1212 paralleli
1149 1121 1411 1215 imprimantur,
1440 1134 1685 1209 motusueornm

327 1208 593 1385 Lelastilvlusinter
611 1208 644 1283 sc
660 1236 732 1283 non
746 1211 934 1308 imitabitur
954 1270 964 1303 ,
990 1242 1008 1285 a
1037 1216 1289 1320 quibuscunque
1306 1222 1409 1289 etiam
1433 1219 1557 1291 viribus
1575 1215 1685 1317 lingu-

402 1338 424 1383 ο
452 1331 627 1387 rcrtcntnr.

810 1417 1106 1497 conatu
1165 1442 1194 1491 a

430 1583 510 1655 247.
536 1559 653 1659 Motus
669 1562 725 1633 hic
740 1558 781 1635 dc
795 1591 889 1637 novo
906 1558 1081 1664 irnpreffus
1099 1563 1220 1638 codem
1237 1562 1348 1649 rcdit,
1376 1589 1413 1635 ac
1431 1563 1454 1635 li
1480 1566 1595 1638 totum
1613 1561 1681 1665 spa·
1747 1530 1754 1579 Ἰ

329 1668 416 1736 tium
434 1689 511 1736 cum
531 1664 726 1765 torporibus
748 1686 842 1738 motu
864 1664 924 1737 illo
957 1692 1052 1737 novo
1076 1665 1284 1763 abriperetur
1301 1661 1517 1735 uniformiter
1539 1672 1573 1736 in
1591 1664 1679 1736 dire·

327 1766 434 1836 nstin.
503 1763 713 1864 Compolitio
737 1772 828 1841 enim
842 1786 963 1867 ‘motus
985 1764 1214 1870 lticjadbibita
1247 1790 1325 1840 cum
1349 1764 1573 1863 translatione,
1589 1762 1680 1865 spatii

329 1870 501 1940 convenit.

807 1971 1129 2051 SCHOLION.
1165 1995 1191 2046 1.

428 2131 503 2206 ²48·
528 2120 595 2191 Hic
614 2145 685 2193 non
702 2138 769 2192 tarn
785 2117 826 2191 de
840 2124 1047 2193 vera'motus
1062 2120 1277 2220 imprcffione
1294 2118 1406 2195 serino
1422 2120 1466 2194 eii
1484 2179 1493 2208 ,
1519 2146 1601 2222 quae
1615 2123 1681 2191 nti·

328 2244 394 2319 qne
408 2220 475 2293 liae
490 2221 626 2294 notabili
643 2220 856 2295 conculllone
872 2221 946 2294 fieri
969 2248 1040 2294 non
1066 2219 1174 2322 pollet
1198 2280 1208 2319 ,
1246 2251 1347 2325 quam
1369 2221 1411 2294 de
1432 2242 1526 2295 motu
1537 2240 1551 2308 ¹,
1579 2247 1684 2321 quem

319 2324 528 2418 *corporibus
547 2342 661 2395 mente
686 2342 814 2395 tantum
840 2328 988 2422 imprimi
1016 2330 1234 2425 concipimus.
1285 2328 1406 2422 Neque
1429 2330 1520 2396 enim
1543 2324 1684 2422 qnaeiin
1757 2336 1764 2343 “

327 2421 390 2492 iilo
408 2430 514 2521 capite
531 2423 707 2497 tradmrtur
727 2483 739 2513 ,
762 2429 802 2496 ad
818 2450 912 2498 veras
926 2430 1130 2499 mutationes
1145 2433 1181 2499 in
1198 2441 1294 2498 motu
1318 2422 1420 2497 fatias
1434 2422 1507 2496 snm
1532 2420 1683 2496 refereu·
1725 2502 1728 2507 ,

331 2519 400 2606 da,
434 2551 512 2597 cum
532 2527 720 2600 institutum
742 2527 894 2600 noilrum
919 2529 975 2599 bic
1001 2523 1041 2599 stt
1067 2547 1180 2602 motus
1204 2522 1427 2629 quoscunque
1449 2520 1618 2597 absolutos
1642 2521 1684 2594 ad

331 2621 532 2722 tespedlivos
555 2626 742 2714 reducere,
768 2637 813 2699 ita
826 2613 861 2698 ut
881 2625 1050 2698 formulae
1071 2649 1198 2701 tantum
1220 2626 1394 2700 oilendant
1416 2645 1548 2697 motum
1565 2621 1683 2720 [respe-

331 2726 470 2813 t‘livum,
490 2724 643 2799 absoluto
662 2726 893 2823 nullamplane
905 2732 1125 2796 mutationem
1135 2725 1235 2824 palio.
1262 2731 1372 2825 Atque
1388 2728 1467 2795 ltine
1485 2731 1583 2794 etiam
1598 2721 1683 2793 iilud

330 2828 533 2897 Tlieorema
551 2852 592 2901 ex
618 2822 837 2924 praecedente
858 2830 904 2896 ita
927 2822 1147 2897 demonstrari
1164 2825 1291 2926 potell:
1317 2829 1524 2923 concipiatur
1547 2841 1686 2923 praeter

332 2931 524 3024 corporali
542 2945 575 2999 ct
589 2930 614 2998 B
629 2925 790 3024 pnnc‘lum
805 2930 863 3013 0,
893 2922 987 3027 qnod
1015 2921 1196 3001 secundum
1219 2925 1443 2998 diret‘lioncm
1468 2927 1525 2997 Oa
1543 2923 1693 3023 paralio·-

331 3027 399 3099 lam
421 3026 492 3114 illi,
530 3023 713 3100 secundnm
736 3055 835 3129 quam
858 3026 1056 3127 corporibus
1085 3056 1196 3103 nouus
1214 3047 1327 3100 motus
1353 3032 1584 3126 imprimitur,
1607 3030 1681 3097 nni·

330 3126 489 3203 formiter
510 3150 684 3203 moveatur
706 3126 822 3203 eadem
844 3129 1042 3216 celeritate,
1078 3135 1123 3202 ita
1147 3152 1184 3202 ut
1207 3128 1418 3230 tempuscnlo
1438 3129 1484 3202 dt
1505 3124 1680 3226 percursu-

293 3290 295 3295 .
330 3257 408 3323 rum
424 3225 501 3303 elici
516 3228 654 3329 spatium
673 3235 731 3303 Oa
746 3264 784 3301 =
800 3237 855 3330 Ap
869 3262 906 3311 =
919 3234 973 3334 Bq
996 3233 1047 3302 his
1068 3231 1282 3331 parallelum,
1298 3227 1353 3303 sed
1371 3248 1489 3302 contra
1505 3226 1680 3300 dit-etum.

332 3335 503 3432 Quoniam
529 3340 632 3433 igitur
657 3351 730 3420 ante
750 3331 1068 3419 demonstravimus,
1092 3353 1224 3406 motum
1249 3328 1473 3430 respedliuum
1494 3354 1681 3425 corporum

332 3439 412 3509 Aet
429 3437 453 3504 Β
468 3429 620 3531 respedlu
634 3434 747 3531 pundli
765 3437 805 3530 ,0
827 3429 946 3504 iisdem
969 3432 1094 3505 viribus
1121 3454 1218 3535 atque
1241 3428 1428 3505 absolutum
1450 3426 1678 3514 determinari,

332 3532 469 3609 evidens
489 3535 534 3606 cst
548 3538 637 3605 lumc
652 3554 784 3606 motum
800 3530 1021 3634 respedlivmu
1035 3534 1178 3608 obtineri
1198 3593 1208 3622 ,
1234 3533 1338 3606 litori
1365 3529 1470 3629 spatio
1495 3556 1574 3601 cunt
1602 3556 1679 3602 cor·

299 3702 306 3708 .
331 3637 467 3738 poribus
484 3654 596 3708 motus
612 3634 755 3735 aequalis
771 3654 804 3709 et
821 3642 1007 3709 contrarius
1023 3641 1072 3724 ei,
1102 3665 1171 3738 quo
1194 3637 1354 3736 pundlmn
1372 3637 1403 3704 Ο
1420 3651 1594 3717 mouetur,
1613 3637 1676 3701 im·
1710 3640 1716 3669 i

331 3743 503 3840 primatnr.
561 3739 640 3829 Hoc
656 3757 767 3809 antem
786 3736 892 3812 modo
918 3738 1129 3840 pundlumO
1152 3736 1192 3810 ad
1216 3744 1365 3838 quietem
1388 3730 1574 3833 redigitur,
1602 3759 1679 3803 cor·

331 3838 469 3941 poribus
486 3844 516 3911 A
532 3855 565 3911 et
582 3842 732 3912 bantem
748 3837 816 3938 ipsc
829 3842 885 3915 ille
899 3860 1011 3913 motus
1031 3830 1212 3912 secundun
1236 3845 1295 3937 ap
1319 3858 1353 3907 ct
1373 3841 1429 3940 Bq
1454 3838 1677 3932 imprimitur:

333 3947 456 4041 etqnia
474 3966 511 4013 ca
527 3935 679 4041 respedlu
702 3942 815 4040 pnndli
839 3945 871 4014 Ο
896 3940 1042 4015 eundem
1062 3960 1198 4015 motum
1220 3944 1388 4030 retinent,
1415 3940 1628 4038 etiarn-inter·
1643 3931 1678 4008 sc
1792 4000 1804 4011 .

333 4039 478 4116 cundem
493 4042 818 4145 rnotumrelativmn
844 4042 1096 4117 conservabunt.

814 4200 1123 4271 'sctrontom
1144 4220 1175 4274 a.

436 4364 513 4436 249.
546 4346 702 4445 Qaeilio
726 4342 883 4421 dc'iuotu
909 4374 1111 4450 quocunqne
1136 4340 1321 4448 rcipctlivo
1341 4343 1397 4421 sen
1413 4300 1594 4443 ¹apparente
1616 4362 1675 4434 pet

336 4443 504 4521 calculum
527 4441 789 4540 detcnninaudo,
807 4478 849 4527 eo
870 4452 984 4540 redit,
1012 4468 1049 4527 at
1070 4448 1247 4525 definiatur
1266 4454 1404 4549 priano,
1430 4442 1535 4546 qualis
1561 4456 1674 4511 motus
1781 4533 1784 4539 .

998 4552 1033 4623 N
1600 4563 1676 4611 cor·
1787 4568 1791 4575 ·
