4092 5134
833 316 1252 415 PRAEFATIO.

305 560 572 631 -mentanea
587 568 673 629 non
686 539 907 629 tantumin
920 563 1003 624 axe
1016 536 1521 652 gyrationis&celeritate
1533 534 1721 651 angulari
1835 588 1838 595 ·

345 688 639 807 produiiased
653 692 749 782 &iu
760 689 836 775 fitu
851 688 1026 774 turbinis
1039 684 1342 811 respetiuspatii
1355 682 1524 773 absoluti
1532 703 1638 807 orta,
1651 713 1726 803 ge-

342 838 497 927 neralis
515 832 661 927 solutio
672 811 937 955 problematis
952 836 1005 924 de
1018 835 1271 927 motu&fitu
1286 836 1458 925 turbinis
1473 831 1527 920 ad
1543 813 1722 949 quodvis
1898 886 1903 895 ·

342 1006 515 1104 tempus
526 989 762 1106 assignando
772 954 981 1108 tentatur,
1018 986 1089 1073 ubi
1114 1012 1219 1074 vero
1243 988 1395 1075 iterum
1415 985 1523 1089 adeo
1547 983 1720 1105 eunapii·
1779 1090 1782 1095 ¹

343 1156 465 1225 outae
476 1137 686 1253 prodeunt
700 1136 967 1254 aequationes
983 1131 1287 1256 differentiales,
1303 1157 1350 1235 ut
1366 1163 1512 1225 earum
1540 1137 1721 1253 integra.-

340 1284 404 1372 tio
420 1311 499 1370 nec
514 1282 746 1398 algebraice
767 1314 847 1374 nec
871 1313 947 1400 per
965 1281 1237 1399 logaritbmos
1259 1285 1329 1376 vel
1351 1314 1473 1374 arcus
1495 1260 1722 1381 circulares
1777 1290 1785 1319 ⁵

341 1430 533 1547 expediri
555 1430 682 1549 poffit.
746 1431 894 1549 Longe
909 1437 1089 1548 majores
1108 1433 1349 1551 praevidere
1366 1451 1529 1552 poterat
1545 1429 1717 1521 difficula

340 1597 450 1667 tates
466 1584 571 1666 cau.
588 1606 812 1693 Avcaon,
840 1583 871 1670 fi
886 1587 930 1704 in
945 1584 1108 1671 turbine
1121 1614 1207 1670 non
1221 1584 1363 1673 omnia
1375 1600 1591 1669 momenta
1606 1585 1714 1671 inter

338 1721 379 1813 se
395 1724 584 1844 aequalia
597 1727 892 1844 statuerentur,
919 1761 1048 1849 quare
1063 1731 1107 1820 id
1128 1748 1421 1848 argumentum
1441 1731 1630 1819 nondum
1654 1752 1717 1823 at·

338 1878 483 1992 tingit,
511 1874 579 1966 sed
592 1884 731 1995 potius
743 1881 878 1995 ‚ipsam
891 1881 1096 1969 theoriam
1109 1879 1347 1996 generalem
1358 1877 1412 1965 de
1426 1898 1547 1967 motu
1564 1908 1713 1998 corpo-
1779 1878 1783 1885 ’
1897 1881 1905 1889 ’

337 2055 436 2118 rum
450 2024 679 2142 rigidorum
693 2062 719 2118 a
733 2033 889 2122 viribus
902 2032 1220 2147 quibuscunque
1242 2024 1550 2115 sollicitatorum
1570 2025 1710 2115 denuo

335 2173 598 2265 tratiandam
609 2176 784 2295 suscipit,
813 2178 1044 2295 &quidem
1058 2175 1256 2266 methodo
1269 2174 1430 2294 prorsus
1446 2202 1572 2286 nova,
1598 2179 1709 2293 prio-

334 2353 384 2413 re
398 2323 522 2441 longe
537 2327 781 2449 perfeddore
799 2330 844 2421 ἃ
862 2326 916 2415 ad
929 2325 1047 2415 usum
1066 2329 1201 2442 mag-is
1230 2323 1561 2415 accommodata
1616 2323 1710 2421 Me·

333 2471 513 2566 thodum
524 2473 628 2593 Cap.
642 2474 721 2567 IX.
736 2474 853 2571 &X
871 2476 1105 2593 expofitam
1118 2474 1241 2565 nimis
1264 2473 1341 2564 eiie
1362 2472 1577 2591 operosam
1592 2504 1709 2567 conr·

332 2646 478 2741 pertus
495 2625 554 2713 est
578 2652 684 2715 cur.
707 2653 939 2738 nucron,
975 2625 1123 2714 fiinde
1144 2623 1315 2713 effodius
1339 2624 1492 2711 virium
1510 2652 1714 2743 quarum-o

289 2880 296 2886 .
331 2800 500 2888 cunque
522 2771 570 2857 fit
588 2770 867 2886 desmiendus,
908 2773 1012 2861 dum
1027 2776 1163 2891 primo
1181 2770 1295 2878 axis,
1324 2772 1435 2855 circa
1450 2777 1703 2901 quemgvires'
1840 2758 1855 2771 ⁸

330 2947 505 3036 oorpus,
533 2918 823 3038 fiquiesceret,
854 2945 1101 3015 convertere
1115 2922 1364 3037 inciperent,
1404 2916 1582 3039 definiri,
1611 2947 1705 3017 tum

329 3091 436 3157 vero
449 3069 735 3180 binchariatio
751 3074 868 3183 axis,
899 3075 1012 3161 circa
1028 3097 1323 3190 quemcorpus
1340 3067 1434 3159 adiu
1449 3093 1634 3187 gyratur,
1656 3076 1704 3165 δι

333 3214 525 3307 celeritas
548 3218 757 3337 angularis
780 3218 1044 3309 determinari
1065 3237 1268 3336 oporteat.
1355 3216 1512 3333 Negari
1534 3246 1703 3335 quoque
1837 3193 1869 3205 '⁸

329 3391 417 3451 non
433 3367 581 3482 potest,
613 3396 692 3453 nec
708 3364 789 3483 ipse
804 3396 953 3457 caan.
970 3394 1181 3470 Avcroa
1199 3362 1415 3478 diffitetur,
1441 3365 1701 3482 methodum,
1785 3482 1792 3501 ἢ
1840 3398 1843 3403 ’

327 3536 413 3627 qua
434 3509 614 3641 Canii
638 3506 957 3605 momentaneae
978 3523 1073 3607 axis
1093 3492 1347 3606 mutationes
1378 3511 1616 3628 eliciuntur,
1650 3548 1703 3607 ea
1768 3528 1772 3535 '

331 3691 419 3757 non
437 3650 621 3778 gaudere
642 3661 869 3775 evidentia,
904 3685 953 3752 ut
974 3668 1242 3754 abomnibus
1265 3660 1399 3750 dubiis
1414 3659 1482 3755 ,sat
1503 3668 1700 3787 expedite
1776 3640 1782 3647 ¹

325 3808 492 3899 liberari
507 3833 646 3927 queat,
675 3841 803 3930 quam
815 3811 931 3901 Artis
945 3817 1065 3929 periti
1079 3835 1224 3901 contra
1238 3810 1596 3904 eandemmovere
1609 3815 1697 3932 pos-

327 3957 424 4049 sent
482 3960 563 4050 His
587 3958 693 4049 adeo
722 3962 1044 4077 praegnantibus
1067 3962 1294 4049 rationibus
1325 3982 1563 4049 commotus
1579 3952 1707 4081 'inge-

325 4106 565 4198 nioiiffimus
582 4096 790 4197 Aucron
804 4108 916 4197 idem
931 4106 1145 4225 problema
1158 4110 1201 4195 in
1220 4107 1322 4226 Cap.
1336 4106 1439 4201 XV.
1451 4110 1564 4227 quod
1579 4118 1623 4211 in
1638 4120 1702 4203 in,

324 4277 447 4374 tegro
460 4286 587 4377 opere
601 4257 857 4351 estmaxime
875 4276 1021 4347 notatu
1031 4255 1223 4373 dignum,
1251 4255 1304 4346 de
1318 4262 1698 4379 novo-peremtione
1814 4292 1817 4301 ⁴

352 4452 359 4461 ·
1548 4440 1561 4493 i
