4092 5134
867 440 870 455 Ι
971 298 1386 417 anatinam

494 556 573 645 bus
586 548 898 669 quibuscunque
913 531 1463 645 sollicitatideterm'rnando,
1491 532 1733 625 solutionem
1746 539 1859 632 haud

494 704 658 819 exiguis
675 720 809 815 premi
794 685 1140 777 difficultatibus
1198 681 1286 773 Ut
1277 704 1415 799 itaque
1431 682 1559 774 letior
1572 717 1624 775 eo
1641 687 1859 792 clariorem

363 848 366 853 ’
494 855 683 944 omnium
698 839 1002 929 elementorum
1014 832 1255 921 solutionem
1265 833 1532 949 problematis
1542 838 1893 954 ingredientium.

461 1096 467 1107 ,
496 999 776 1121 coguiuonem
792 984 1075 1102 consequatur,
1091 1009 1165 1097 per
1180 980 1333 1094 gradus
1341 983 1453 1097 quafi
1467 1014 1495 1072 a
1508 987 1666 1080 casibus
1682 992 1862 1109 speciali

308 1134 311 1141 ·
362 1216 365 1221 .
398 1118 410 1191 ,’
497 1150 577 1238 bus
592 1141 646 1230 ad
659 1122 935 1256 generaliora,
975 1133 1028 1221 ab
1052 1129 1115 1216 his
1139 1127 1309 1217 demum
1330 1131 1384 1217 ad
1403 1134 1674 1231 universalem
1697 1149 1861 1262 proble·
1872 1116 1875 1120 ι

496 1294 621 1385 matis
632 1283 932 1405 generaiiffim'o
947 1279 1056 1371 sensu
1073 1276 1516 1395 conceptisolutionem
1540 1286 1746 1382 adscendit
1769 1324 1863 1389 Av-
1913 1344 1925 1365 κ

481 1426 645 1545 ¹‚caum
696 1432 829 1531 Casus
844 1453 985 1519 motus
997 1428 1196 1545 gyratorii
1205 1423 1320 1513 liberi
1334 1425 1683 1542 fimpliciffimusis
1697 1441 1768 1551 est,
1788 1445 1862 1560 qui
1918 1475 1931 1501 ι

385 1702 387 1706 Ι
497 1592 600 1708 Cap.
618 1582 734 1679 Vlll.
757 1578 985 1690 evolvitur,
1021 1605 1106 1695 quo
1127 1556 1323 1661 nimirum
1348 1603 1499 1691 corpus
1523 1584 1868 1711 circa-ejusmodi,

496 1765 626 1829 axem
652 1733 792 1846 gyrari
826 1730 1078 1845 concipitur,
1118 1724 1191 1838 qui
1204 1721 1337 1811 nullas
1358 1726 1413 1812 ob
1427 1749 1600 1837 ‚motum
1622 1737 1734 1823 vires
1755 1737 1865 1827 fusti-

355 1870 360 1887 *
494 1907 579 1980 net
642 1878 862 1973 Vocantur
894 1901 999 1963 axes
1036 1873 1221 1988 corporis
1251 1869 1379 1982 liberi,
1418 1880 1489 1991 qui
1511 1879 1584 1992 ista
1611 1854 1864 2001 proprietate
1904 1968 1910 1974 ,

378 2044 380 2051 ’
496 2034 587 2126 sunt
607 2003 793 2149 praediti.
850 2023 899 2112 Iu
915 2021 1100 2140 quolibet
1115 2048 1292 2136 corpore
1307 2018 1437 2151 libero
1455 2046 1538 2117 tres
1552 2031 1692 2120 saitem
1712 2034 1888 2155 'dantur
1911 2008 1916 2014 ⁶

497 2178 605 2273 axes'
621 2176 848 2295 gyrationis
862 2171 999 2304 liberi,
1034 2166 1204 2284 suntque
1229 2168 1292 2255 isti
1309 2198 1414 2259 axes
1427 2175 1554 2265 iidem
1566 2210 1665 2270 cum
1679 2182 1757 2274 iilis
1773 2190 1867 2275 axi-

497 2333 578 2421 bus
594 2310 899 2445 principaiibus,
918 2344 1099 2434 quorum
1114 2312 1295 2432 respectu
1307 2347 1568 2414 momentum
1583 2334 1755 2423 inertiae
1773 2366 1867 2424 cor-

497 2483 612 2601 poris
631 2474 690 2563 est
704 2470 773 2564 vel
793 2471 1030 2557 maximum
1044 2462 1114 2554 vel
1127 2467 1357 2575 minimum.
1413 2468 1534 2577 Licet
1550 2475 1651 2568 alias
1663 2484 1751 2596 jam
1767 2514 1869 2571 con.
1897 2522 1905 2539 ι

499 2616 663 2721 iidemti
707 2621 783 2708 fint
829 2646 876 2704 a·
892 2611 1161 2702 Mechanicae
1210 2611 1491 2732 Scriptoribus
1525 2625 1730 2738 ejusmodi
1758 2660 1867 2731 axes

353 2788 360 2797 '
499 2757 574 2900 per
591 2792 782 2863 centrum
796 2765 967 2853 inertiae
990 2756 1263 2872 transeuntes,
1300 2767 1411 2852 circa
1435 2797 1541 2885 quos
1566 2804 1716 2894 corpus
1738 2779 1868 2869 iibere

445 2972 449 2981 =
499 2951 638 3043 gyran
624 2914 787 3036 ',poffit
813 2911 1278 3043 finimirummomenta
1302 2913 1453 2999 virium
1468 2924 1792 3040 centrifugarum
1807 2957 1869 3020 ex

499 3092 619 3163 motu
635 3062 846 3184 gyratorio
860 3052 1104 3153 natarumse
1105 3049 1142 3139 se
1154 3073 1302 3141 mutuo
1319 3054 1545 3165 destruant;
1581 3071 1703 3160 valde
1725 3098 1869 3166 tamen

501 3206 669 3323 dubito,
698 3242 752 3299 an
769 3229 864 3295 ante
879 3203 1161 3312 Evnaavnr,
1193 3201 1300 3289 hanc
1321 3216 1616 3325 proprietatem
1641 3251 1869 3338 corporum

390 3360 392 3366 ¹
495 3360 774 3457 ‘universalem
801 3354 900 3464 ess'e,
927 3351 1041 3470 quod
1053 3353 1094 3437 in
1109 3349 1293 3468 quolibet
1307 3386 1482 3474 corpore
1495 3380 1576 3453 tns
1588 3392 1701 3456 certe
1715 3370 1868 3458 dentur

503 3543 609 3605 axes
624 3509 851 3629 gyratiouis
867 3503 1001 3609 liberi,
1030 3501 1124 3618 quis
1146 3529 1331 3618 unquam
1354 3510 1576 3623 invenerit,
1610 3515 1638 3603 n
1663 3547 1868 3619 aaaron,

372 3666 376 3675 ’
503 3692 587 3753 nn.
605 3656 889 3749 naSaouan
903 3652 1125 3764 excipiam,
1154 3655 1225 3765 qui
1238 3654 1414 3744 eandem
1429 3665 1723 3777 proprietatem
1735 3670 1870 3753 omni-

502 3811 582 3899 bus
593 3807 837 3923 ¹corporibus
851 3818 1161 3916 competentem
1173 3798 1467 3896 demonstravit
1486 3813 1529 3895 in
1550 3809 1870 3926 Programmate

501 3955 573 4047 sub
588 3953 726 4043 titulo:
756 3947 952 4071 Specimrn
977 3944 1165 4070 Theonino
1186 3948 1396 4061 turbinum,
1428 3955 1564 4043 Halae
1579 3956 1632 4045 A.
1645 3984 1872 4078 1755.pro-

496 4103 703 4220 'mulgato
768 4098 1142 4213 Quemadmodum
1172 4104 1338 4187 veroin
1364 4104 1514 4220 quovii
1538 4134 1713 4222 corpore
1735 4111 1872 4227 rigido

507 4273 699 4342 centrum
714 4245 972 4377 ¹inertiaesest
994 4245 1192 4367 punctum
1212 4251 1401 4339 maxime
1423 4254 1713 4374 memorabile,
1751 4264 1874 4376 cujus

1762 4393 1872 4503 ratio
