4092 5134
331 360 391 521 na
541 330 544 341 ¹
631 403 955 497 vomunt
1028 400 1315 503 uuuoTtJ.
1647 328 1728 433 '¹³'

334 610 465 685 mrbene
481 601 676 702 colligemr,
700 584 812 699 siequ'e
832 590 1044 673 innotescent
1055 600 1144 671 vires
1162 592 1382 671 elementares
1397 618 1463 695 pro
1479 592 1596 695 quavis
1609 598 1685 691 ωας

335 733 387 787 tus
410 728 607 787 inritatione.

841 848 1118 949 conatu·
1140 872 1168 921 ι.

346 1028 354 1055 ··
436 1024 510 1103 298.
531 1011 629 1081 Vires
644 1032 727 1109 ergo
747 1001 965 1077 elementares
993 1000 1091 1075 simul
1110 996 1236 1075 sumlae
1259 1000 1385 1073 uiribus
1407 994 1685 1073 attu'solttettan·
1723 1064 1728 1075 ,

335 1117 421 1190 tibus
439 1110 674 1211 aequivalent,
701 1134 737 1179 ac
752 1123 923 1205 praeterea
951 1108 997 1175 ita
1022 1098 1095 1177 saint
1109 1122 1349 1202 comparatae,
1373 1122 1409 1173 ut
1430 1104 1470 1173 ab
1494 1108 1687 1199 iisleompa·

336 1246 394 1319 ges
412 1218 563 1314 corporis
580 1211 704 1285 nullam
717 1214 788 1281 vim
802 1212 944 1307 patiatur
952 1236 963 1297 3
986 1226 1167 1305 propterea
1181 1202 1275 1307 quod
1291 1205 1331 1277 ab
1345 1210 1384 1277 iis
1397 1202 1524 1306 singula
1538 1202 1686 1287 elemen-

337 1337 394 1407 ta,
418 1312 557 1417 perinde
574 1311 664 1415 quast
678 1308 747 1385 sola
763 1302 910 1382 adessent
919 1306 935 1395 ',
957 1307 1157 1380 afficiuntur.
1532 1294 1539 1305 ⁶

840 1460 1094 1537 cottona.
1146 1474 1183 1535 2.

420 1613 511 1713 'eqo
536 1622 576 1690 ln
593 1635 690 1689 motu
706 1619 806 1715 igitur
822 1610 1033 1717 progressuro
1051 1615 1140 1682 vires
1165 1607 1385 1685 elementares
1410 1606 1484 1687 stent
1506 1634 1567 1683 eae
1588 1613 1687 1705 vires,

337 1746 421 1823 quae
436 1720 571 1822 lingulis
587 1716 759 1837 clementis
782 1714 922 1789 eandem
944 1734 1055 1787 motus
1070 1716 1295 1786 mutationem
1307 1710 1497 1799 inducunt.
1523 1727 1686 1815 quatu-to·

340 1842 413 1895 tum
430 1848 551 1924 corpus
567 1846 585 1893 a
602 1818 728 1892 viribus
746 1812 999 1892 sollicitantibus
1022 1819 1158 1915 patitur.

801 1984 1219 2068 anastasiae

440 2144 514 2209 300.
542 2119 574 2187 si
594 2140 715 2216 corpus
734 2142 752 2185 a
769 2116 894 2187 viribus
915 2116 1169 2217 quibuscunque
1193 2108 1434 2203 sollicitatum,
1460 2114 1689 2217 quarum'me·

339 2214 393 2289 <lia
415 2215 558 2289 direc‘lio
584 2225 741 2316 percejus
758 2222 920 2289 'centrum
947 2221 1086 2287 inertiae
1116 2213 1261 2308 transt,
1294 2240 1392 2287 snotu
1416 2214 1625 2317 progressive
1654 2218 1691 2291 li·

340 2320 420 2391 bere
444 2337 645 2409 moveatur,
681 2316 907 2395 determinare
925 2323 1041 2405 vires,
1070 2343 1150 2418 quas
1171 2322 1440 2419 ejustcorupages
1456 2315 1622 2409 tutioet,
1650 2344 1690 2393 ue

282 2500 291 2523 Ι
338 2416 505 2497 solvatur.
541 2472 544 2477 -

169 2752 242 2849 fig.
259 2755 310 2827 28.

875 2555 1157 2653 sororio.

443 2716 500 2797 Ad
520 2717 635 2792 datum
651 2738 781 2821 tempus
801 2713 996 2791 sollicitetur
1013 2743 1136 2819 corpus
1151 2744 1170 2789 a
1185 2721 1311 2793 viribus
1326 2720 1544 2821 EP'es'fQ,
1573 2702 1691 2825 quibus

343 2822 548 2925 aequivalens
575 2832 623 2893 vis
652 2828 702 2895 lV
724 2858 764 2893 =
788 2824 820 2890 V
844 2846 905 2918 per
935 2838 1092 2893 centrum
1111 2828 1252 2895 inertiae
1276 2828 1291 2893 1
1315 2823 1501 2919 transiens,
1529 2822 1693 2921 qrme,fi

344 2921 444 2999 massa
461 2929 616 3021 corporis
630 2918 732 2995 suerit
750 2953 788 2991 =
810 2924 877 3006 M,
906 2928 941 2991 in
966 2937 1041 2991 toto
1057 2948 1203 3020 corpore
1226 2920 1370 2995 eundem
1395 2920 1554 2997 essedum
1567 2923 1692 3026 produc

345 3046 422 3111 cer,
445 3042 543 3123 atque
559 3030 593 3093 in
610 3022 779 3180 elerqeqqq
796 3029 865 3117 ejus
878 3046 1081 3125 quoeunque
1106 3026 1167 3124 M,
1181 3032 1273 3119 cujus
1293 3020 1394 3097 rnassa
1416 3026 1456 3099 tit
1468 3027 1554 3115 dat,
1569 3026 1696 3127 produ-

348 3196 439 3251 ceret
458 3182 505 3247 vis
523 3178 597 3247 Mm
616 3208 655 3246 =
682 3208 801 3293 Ῑ,
829 3179 920 3267 cujus
937 3167 1078 3245 direslio
1097 3176 1180 3249 Mm
1196 3174 1246 3248 illi
1263 3180 1321 3249 lV
1335 3169 1414 3249 esset
1428 3176 1617 3278 parallelae
1639 3178 1697 3255 fic.

347 3344 412 3420 que
430 3317 512 3391 Man
530 3312 698 3385 exhibebit
716 3317 783 3383 vim
805 3308 1052 3383 elementarem.
1128 3314 1218 3385 Cum
1242 3321 1345 3415 igitur
1367 3336 1544 3417 quaeratur
1559 3332 1698 3421 {quan-

349 3440 417 3493 tam
432 3424 501 3488 vim
518 3413 671 3489 sussiueat
685 3440 864 3513 compages
883 3438 943 3485 cor
968 3420 1063 3501 oris,
1088 3439 1106 3483 a
1123 3416 1247 3487 uiribus
1271 3420 1325 3491 ΕΡ
1340 3441 1373 3491 et
1394 3420 1464 3515 FQ
1478 3418 1555 3489 aclu
1575 3414 1697 3493 solliei-

349 3520 521 3608 tantibus‚
548 3516 605 3591 seu
620 3544 722 3619 quam
738 3512 836 3587 sortis
855 3542 893 3587 ca
910 3440 975 3587 elle
988 3512 1132 3611 debeat,
1156 3534 1192 3588 ut
1207 3516 1315 3618 figura
1332 3516 1459 3591 nullam
1476 3526 1698 3597 mutationem

349 3627 520 3721 patiatur?
554 3626 715 3719 quoniam
736 3642 859 3714 corpus
883 3622 918 3687 in
941 3636 1039 3687 motu
1063 3612 1234 3707 versatur,
1267 3618 1432 3715 ejusmodi
1456 3620 1555 3695 status
1577 3630 1698 3727 quietis

351 3720 410 3795 seu
426 3720 610 3818 aequilibrii
628 3718 778 3821 affignari
792 3718 909 3805 debet,
938 3722 974 3789 in
990 3744 1061 3818 quo
1074 3716 1183 3817 figura
1197 3730 1350 3814 corporis
1369 3728 1439 3821 pari
1456 3730 1581 3797 virium
1597 3726 1702 3799 allio.

352 3829 389 3895 ui
410 3815 490 3893 esset
521 3816 673 3915 snbjesla.
745 3816 798 3893 Ad
822 3818 922 3891 talem
941 3838 1053 3892 autem
1076 3818 1193 3893 nanim
1216 3831 1478 3923 perveniemus,
1516 3824 1701 3929 ficorpori

353 3944 468 3995 rueme
499 3919 613 3993 saltem
637 3920 799 4017 ejusmodi
822 3940 954 3993 motum
979 3940 1014 3993 et
1035 3926 1123 3993 vires
1146 3925 1365 4015 tribuamus
1402 3924 1492 4001 uude
1515 3954 1695 4033 compages

354 4022 479 4100 nullasu
496 4032 565 4096 uim
579 4020 731 4097 stuliucat
749 4081 760 4110 ‚
785 4020 892 4121 ipsum
908 4043 1017 4095 autem
1041 4050 1102 4095 cor
1127 4054 1163 4097 us
1180 4024 1221 4099 aci
1242 4024 1425 4127 perseclam
1448 4034 1601 4127 quietem
1616 4026 1701 4109 redi·

351 4147 461 4229 gatar.
518 4128 761 4225 Quemcunque
778 4146 891 4199 autem
913 4152 1036 4225 corpus
1060 4051 1213 4201 habuerit
1237 4150 1400 4225 motum,
1427 4126 1487 4229 ipsi
1510 4141 1626 4231 primo
1649 4144 1701 4205 ae'·

354 4226 461 4330 qualis
484 4245 518 4297 et
542 4231 977 4325 contrariusimprimatur,
1003 4245 1040 4299 ut
1064 4230 1132 4299 hoc
1153 4225 1407 4301 saltemissstanti
1421 4255 1541 4328 corpus
1557 4241 1593 4307 in
1611 4240 1701 4336 quie·

352 4352 388 4403 te
405 4326 540 4401 existat:
572 4332 638 4401 troc
662 4351 747 4398 vero
764 4344 858 4396 motu
881 4325 1002 4396 fictitio
1026 4327 1115 4398 nulla
1130 4335 1178 4397 uis
1194 4339 1350 4431 compagi
1371 4338 1524 4431 corporis
1546 4334 1702 4415 insertur.

355 4434 456 4507 Nune
471 4450 589 4533 ¹curtem
608 4446 784 4531 praetcrea
798 4442 910 4514 motm
934 4426 1096 4531 aquiribus
1117 4424 1368 4509 sollicitantibus
1392 4438 1522 4537 penitus
1546 4438 1622 4513 tolli
1647 4438 1703 4513 de·

1641 4544 1710 4641 ber‚'
