4092 5134
163 476 175 507 .
254 380 544 539 nn‘cnuns
559 410 768 501 novus
786 409 1076 557 Exrmms
1093 414 1201 504 suu
1217 417 1444 510 virinus.
1483 446 1522 528 51

168 607 265 681 ribus
281 622 439 678 conatum
454 603 572 677 llatum
592 600 686 675 suurn
715 608 877 677 contiuuo
901 603 1054 678 mutandi
1079 604 1246 703 tribuubt,
1271 635 1348 681 cum
1372 609 1448 682 illae
1464 614 1522 703 ,vi-

170 733 318 783 resnou
343 704 470 780 diresle
487 704 526 776 ael
550 706 669 780 ilatum
695 702 912 793 mutandum,
940 705 996 780 sed
1018 707 1059 780 ad
1080 718 1348 809 penetrationem
1372 731 1524 783 averten-

171 809 251 885 dam
270 806 426 905 tendant,
454 806 610 911 qnaeuisr
623 808 886 910 periclitaretur,
914 810 1023 883 nullae
1047 812 1212 906 ejuarnodi
1236 818 1322 887 vires
1345 811 1524 886 inmundo
1554 855 1557 858 >
1602 818 1605 823 ’

171 911 361 988 exillerent.
1261 978 1270 999 ,
1354 954 1369 989 x

620 1060 1012 1137 EXPLlCATIO.
1066 1085 1095 1141 2.

277 1187 341 1257 137.
370 1166 439 1239 latu
462 1160 609 1263 quaellio
632 1163 687 1230 hic
710 1167 837 1248 oritur,
869 1189 951 1232 num
978 1189 1096 1236 omnes
1119 1162 1216 1264 plane
1239 1172 1346 1257 vires,
1383 1194 1526 1270 quarum

121 1308 125 1313 ·
172 1260 313 1340 effeetus
333 1272 369 1336 in
384 1264 513 1336 inundo
528 1271 709 1348 miramur,
735 1290 774 1335 ex
793 1266 859 1335 hoc
874 1260 970 1335 sonte
984 1269 1157 1338 oriantur?
1207 1268 1275 1339 hoc
1295 1271 1412 1355 ellan
1428 1272 1525 1342 slatus
1567 1270 1586 1289 ⁵

172 1384 359 1469 corporum
376 1394 392 1437 a
411 1365 510 1438 nullis
526 1364 596 1436 aliis
617 1368 740 1436 viribus
760 1385 892 1465 praeter
910 1369 987 1453 has,
1010 1393 1091 1466 quas
1112 1366 1299 1468 perieulum
1321 1379 1526 1472 penetratio·
1598 1454 1606 1463 ,

170 1476 224 1544 nis
243 1466 450 1570 suppeditat,
476 1473 596 1540 mutari
610 1463 725 1565 possit?
777 1473 827 1538 Ac
843 1472 955 1566 primo
980 1468 1117 1567 quidem
1136 1468 1176 1540 ad
1199 1473 1434 1548 Machanicarn
1456 1500 1529 1547 non

169 1567 608 1674 pertinetdefinire,titrum
625 1564 759 1667 spiritus
777 1574 812 1638 in
830 1593 976 1666 corpora
992 1593 1092 1669 agere
1109 1597 1296 1672 eorumque
1318 1575 1436 1647 slatmn
1452 1603 1527 1646 mu·

172 1692 249 1746 tare
268 1671 424 1745 valeant?
459 1676 597 1743 interim
613 1676 649 1740 in
667 1669 865 1768 corporibus
883 1667 965 1739 nihil
980 1670 1078 1767 plane
1096 1676 1306 1760 invenimus,
1334 1672 1426 1774 quod
1448 1678 1527 1746 attt-

173 1782 237 1848 oni
267 1771 423 1875 spirituali
452 1769 663 1861 adversetur3
716 1787 816 1870 atque
841 1771 930 1842 aetio
956 1776 1162 1871 incorpora
1189 1797 1354 1847 nontam
1385 1776 1528 1848 arduum

173 1902 261 1978 opus
285 1876 433 1961 videtur,
460 1894 497 1945 ut
525 1870 589 1947 soli
615 1876 881 1971 omnipotentiae
909 1869 1014 1944 divini
1041 1878 1199 1948 Numinis
1227 1874 1266 1947 fit
1299 1876 1526 1965 tribuendum,

173 2006 254 2059 cum
275 1977 359 2052 adeo
383 1974 540 2063 vilissimis
567 1976 766 2074 corporibus
790 1974 830 2048 fit
853 1972 1121 2052 concedendum.
1182 1977 1273 2072 Quin
1294 1986 1406 2078 potius
1429 1978 1530 2053 fateri

174 2079 357 2168 debemus,
385 2077 511 2152 nullam
531 2103 594 2150 nos
615 2073 803 2178 perspicere
834 2084 1018 2163 rationem,
1056 2105 1116 2151 eur
1140 2084 1258 2151 animis
1280 2086 1468 2181 potentiana
1493 2089 1529 2154 in

174 2176 321 2285 corpora
344 2178 463 2283 agendi
486 2179 712 2280 denegemus,
744 2177 870 2251 etiamsi
893 2177 1058 2266 modurn,
1086 2206 1155 2282 quo
1177 2201 1294 2280 agant,
1319 2191 1460 2257 minime
1478 2180 1527 2254 as·
1613 2194 1624 2205 “

121 2374 124 2383 Α
173 2285 305 2389 signare
328 2282 495 2385 possimus.
558 2288 688 2355 Verum
708 2309 750 2353 an
772 2307 917 2380 corpora
938 2279 1005 2351 alio
1022 2276 1157 2381 insuper
1176 2280 1282 2356 modo
1301 2289 1335 2356 in
1358 2283 1391 2359 se
1406 2302 1525 2382 mutuo

137 2424 140 2429 ·
173 2387 444 2490 'agerevaleant‚
467 2404 711 2485 praetereunt,
744 2410 845 2485 quem
873 2379 1134 2456 declaravimus?
1185 2380 1219 2456 id
1240 2384 1377 2489 quidem
1402 2415 1527 2490 negan-

160 2489 258 2565 dum
276 2486 419 2562 videtur.
470 2493 504 2562 Si
520 2494 611 2562 enim
629 2507 778 2589 agerent,
792 2484 919 2559 etiamsi
935 2485 1067 2558 uullurn
1081 2485 1268 2584 periculum
1287 2492 1526 2587 penetrationis

175 2586 320 2678 adesset,
347 2600 381 2664 in
397 2590 519 2684 datam
541 2609 699 2691 agerent,
719 2615 829 2688 neque
852 2605 998 2686 pateret,
1027 2586 1205 2687 quomodo
1231 2587 1442 2665 conservatio
1466 2593 1549 2663 sla·¹

175 2714 227 2767 tus
243 2690 321 2767 inde
340 2694 465 2763 turbari
481 2687 606 2790 pollet,
635 2686 758 2758 deinde
777 2711 872 2770 vero,
887 2694 965 2782 quia
980 2686 1035 2755 illa
1053 2688 1140 2757 aslio
1155 2713 1227 2784 non
1241 2690 1280 2758 ab
1295 2692 1527 2788 impenetrabi-

139 2808 141 2812 '
176 2796 271 2869 litate
288 2791 581 2891 proficisceretur,
606 2783 745 2885 perinde
763 2810 862 2885 agere
880 2781 1058 2873 deberent,
1085 2793 1236 2884 quamvis
1254 2815 1399 2889 corpora
1423 2786 1527 2865 esseut

172 2890 406 2999 penetrabilia,
423 2887 598 2991 quomodo
617 2906 728 2961 autem
745 2887 833 2959 assio
861 2881 1030 2960 subsillere
1049 2882 1178 3060 posset,
1210 2916 1281 2963 non
1306 2890 1419 2994 liquet.
1476 2896 1529 2965 Ex

174 3024 247 3103 quo
270 2999 413 3065 maxime
437 2990 615 3067 verisimile
641 2987 790 3078 videtur,
819 3011 966 3089 corpora
988 2996 1025 3062 iu
1066 3010 1220 3064 emutuo
1241 2990 1319 3067 alias
1342 3001 1429 3068 vires
1457 3022 1530 3069 nou

175 3124 335 3184 exerere,
372 3092 431 3165 nifi
461 3094 577 3197 quibus
605 3097 794 3191 penetratio
821 3108 1008 3189 avertatur,
1043 3110 1183 3164 etcum
1211 3096 1273 3168 hae
1304 3103 1393 3171 vires
1416 3103 1529 3170 miuo-

175 3228 229 3276 res
249 3194 314 3271 esse
328 3215 515 3298 nequeant,
540 3221 642 3295 qnam
658 3197 715 3266 hic
730 3190 849 3292 scopus
863 3195 975 3293 exigit,
1001 3199 1048 3269 ita
1064 3200 1165 3266 etiarn
1181 3203 1323 3291 majores
1343 3200 1437 3271 llatui
1459 3226 1532 3271 nou

120 3378 123 3401 γ
173 3298 329 3406 possunt,
356 3295 682 3401 quamsufficicntes.
733 3298 895 3367 Ceterum
911 3297 967 3365 hic
988 3293 1076 3366 nihil
1090 3304 1173 3367 certi
1190 3297 1332 3370 statuere
1350 3299 1449 3396 licet,
1473 3297 1533 3371 sed

176 3422 357 3503 contentos
374 3427 436 3472 nos
455 3394 519 3472 elle
538 3416 697 3499 oportet,
717 3391 926 3469 foecundum
942 3393 1076 3468 sontem
1093 3402 1215 3469 virium
1238 3405 1274 3471 in
1294 3398 1424 3473 nnmdo
1449 3426 1531 3501 ope-

175 3512 324 3581 rantium
349 3496 526 3598 detesiss'e,
558 3526 598 3572 ex
619 3527 688 3602 quo
715 3496 814 3569 linml
837 3496 924 3569 aellio
947 3524 1133 3597 corporum
1155 3520 1287 3589 mutua,
1322 3529 1340 3572 a
1361 3498 1531 3603 plerisque
1615 3526 1623 3539 ··
1648 3570 1652 3577 .

161 3602 390 3707 ¹Philosophia
407 3602 459 3676 vel
477 3621 595 3703 negata
615 3603 669 3675 vel
694 3598 887 3673 crassissimis
910 3603 1055 3673 tenebris
1077 3600 1240 3701 involuta,
1257 3598 1329 3674 satis
1346 3603 1529 3677 luculenter

177 3706 400 3813 perspiciatur.
450 3708 600 3798 Quantae
617 3725 727 3777 autem
744 3708 864 3804 quovis
879 3694 954 3774 casu
970 3701 1035 3774 smt
1047 3702 1124 3775 isiae
1140 3709 1226 3774 vires
1239 3702 1277 3776 ab
1294 3706 1529 3807 impenetrabi-

176 3814 269 3886 litate
284 3834 469 3910 corporum
484 3802 676 3906 prosedae‚
702 3824 736 3877 et
762 3802 940 3906 quomodo
966 3810 1005 3876 iis
1029 3802 1126 3875 status
1153 3830 1339 3906 corporum
1369 3815 1528 3881 irnrnute·

126 3952 134 3959 ·
176 3936 253 4000 tur,
275 3907 578 4011 delinirinequit,
601 3906 663 3983 nili
682 3927 759 3980 ante
783 3912 817 3979 in
838 3930 965 4009 genere
1001 3912 1039 3978 iu
1061 3906 1229 3981 adiuuem
1260 3915 1384 3982 virium
1417 3915 1528 4011 inqui·

171 4018 360 4094 siverimus.

563 4202 567 4223 ·.
641 4162 1016 4238 ’8011οῑ1θῶ

294 4262 357 4354 13‘8.
382 4255 555 4363 Perspet‘la
575 4287 658 4364 ergo
673 4267 798 4335 virium
811 4267 958 4365 origine,
977 4260 1069 4337 resse
1084 4242 1246 4335 assumere
1261 4254 1383 4342 ooss'ru·

177 4371 215 4447 in
230 4361 362 4452 mundo
378 4369 484 4454 vires,
512 4363 629 4466 quibus
644 4390 764 4438 eorum
779 4363 876 4465 slatus
892 4381 1057 4445 mutetur.
1112 4366 1167 4439 Ae·

179 4470 258 4547 dein
275 4464 423 4556 viribus,
449 4485 609 4571 quatenus
623 4471 819 4570 incorpora
842 4484 982 4571 agentes
997 4462 1039 4545 se

875 4570 957 4649 Ga
