4092 5134
313 432 709 527 mocrnsstvo
734 414 1049 531 conpotum
1076 438 1410 543 atomorum
1488 482 1544 569 ιι,

173 622 290 710 slent,
320 598 430 699 eae'se
445 631 483 699 in
501 634 678 701 communi
694 626 819 729 pundo
832 625 988 707 secabunt
1004 655 1015 712 t
1034 626 1125 730 quod
1141 640 1303 740 pandum
1324 642 1351 719 li
1373 644 1414 719 stt
1431 646 1461 740 1,
1477 655 1544 725 erit

145 758 160 775 -v
175 729 248 819 ejus
266 722 345 801 suus
362 732 405 799 ita
422 748 662 830 comparatus,
694 748 731 802 ut
755 728 813 806 srtt

340 916 403 987 os
443 862 648 1037 :stis-⁴³
688 861 961 1035 ro=sss5
989 866 1223 1042 01:ss

283 1078 412 1153 Panno
430 1103 513 1179 crgo
532 1078 631 1151 hoel
661 1073 764 1148 senicl
788 1084 955 1175 invento,
980 1075 1004 1150 sr
1027 1078 1154 1181 fingula
1174 1090 1327 1185 corporis
1345 1087 1545 1163 elementer

155 1144 163 1167 ,
1671 1148 1674 1155 .

134 1186 147 1197 “
177 1178 302 1253 viribus
320 1176 469 1283 ipsorum
487 1176 594 1250 ruallis
613 1178 922 1278 proportionalibus
941 1178 1122 1255 secuudum
1144 1182 1366 1261 diredliouem
1388 1217 1539 1264 commn·
1628 1224 1635 1247 ·
1749 1188 1757 1197 ’

175 1308 255 1353 nem
277 1306 512 1383 quamcunque
533 1274 781 1368 sollicitentur,
810 1288 858 1352 vir
879 1280 944 1354 illis
971 1284 1127 1359 omnibus
1149 1290 1359 1386 aequivalens
1383 1316 1445 1391 per
1471 1294 1539 1366 boe

175 1384 336 1483 pundlum
358 1386 372 1455 1
392 1380 552 1454 tranlibit.
609 1383 653 1451 Et
670 1386 747 1482 quia
761 1386 810 1455 vis
827 1383 1040 1485 aequivalens
1065 1382 1213 1460 fiammae
1240 1396 1394 1465 omnium
1415 1399 1540 1467 virium

175 1484 435 1559 elementarium
452 1478 498 1554 etl
522 1478 690 1653 sextulis,
719 1501 752 1556 et
781 1484 921 1558 eandem
946 1482 1169 1563 directionem
1192 1510 1306 1578 tenet,
1332 1502 1402 1587 ejus
1417 1493 1539 1594 pofitio

177 1611 241 1685 per
257 1586 419 1685 punclum
437 1586 449 1653 l
465 1578 559 1684 perse
595 1611 614 1655 e
638 1582 891 1658 determinatur.
958 1592 1131 1661 Convenit
1152 1612 1264 1663 autem
1286 1596 1352 1665 hoc
1375 1597 1537 1693 pundlntn

177 1715 258 1761 cum
283 1714 344 1774 eo,
387 1682 452 1757 uod
470 1683 571 1785 vulgo
594 1707 737 1760 centrum
750 1695 934 1786 gravitatis
958 1708 1130 1779 vocatur,
1171 1701 1263 1786 cujus
1283 1702 1539 1770 convenientiae

172 1796 262 1863 ratio
277 1714 443 1863 atnnilessa
459 1786 516 1873 ell,
529 1792 691 1887 quoniam
700 1784 826 1887 lingula
839 1788 1004 1861 elementa
1021 1789 1127 1865 mallis
1143 1795 1445 1893 proportionaliter
1460 1824 1536 1896 gra-

172 1897 232 1964 via
250 1948 260 1977 ‚
289 1909 322 1963 et
337 1886 539 1964 direr‘liones
553 1893 725 1989 gravitatis
741 1894 831 1961 inter
846 1886 878 1963 se
896 1890 1072 1990 parallelae
1096 1890 1316 1973 affiununtnr.
1367 1898 1537 1990 Quoniam

175 2018 259 2063 vero
277 1995 358 2065 haec
378 1988 573 2090 hypothesis
590 1994 723 2064 veritati
745 1988 962 2081 adversatur,
990 2013 1023 2067 ct
1041 1996 1205 2096 pundlnm
1228 2002 1409 2094 Intiuime
1425 2026 1443 2069 a
1458 2027 1535 2101 gra·

173 2098 273 2165 vitate
291 2092 423 2193 pendet,
439 2086 500 2197 ⁸sed
517 2098 552 2164 in
567 2094 722 2167 onmibus
739 2096 938 2197 corporibus
963 2093 1079 2171 locutu
1100 2099 1201 2174 ltabet
1218 2156 1230 2187 ,
1260 2096 1296 2175 id
1310 2100 1377 2175 alio
1394 2109 1535 2177 nomine

175 2195 333 2296 appellati
356 2194 539 2298 praellabit.

677 2358 971 2434 nrrturrro.
1010 2385 1039 2451 3.

155 2536 162 2543 ·
280 2522 347 2602 285.
376 2516 525 2585 Cetnrum
544 2510 654 2606 maffia
688 2501 745 2579 len
772 2527 916 2579 erntmm
936 2515 1072 2584 inertiae
1099 2511 1145 2586 cll
1167 2513 1330 2613 pundum
1350 2521 1386 2590 in
1412 2524 1533 2620 quovit

144 2664 146 2669 -
174 2636 348 2707 corpore,
380 2619 467 2685 circa
492 2607 586 2713 quod
601 2617 670 2703 ejus
694 2602 794 2679 malla
810 2602 866 2681 seu
883 2612 1003 2681 mertia
1022 2612 1269 2717 quaquaversus
1293 2620 1475 2719 aequaliter
1491 2622 1538 2695 ett

177 2712 346 2787 distributa
367 2710 549 2789 secundum
568 2708 802 2809 aequalitatem
818 2728 1084 2781 momentorum.

691 2902 914 2975 EXPLICA
929 2904 1027 2978 ΤΙΟ.

278 3050 352 3133 236.
380 3024 546 3115 Centrum
561 3031 680 3111 rnaffae
698 3033 754 3111 seu
772 3040 908 3109 inertiae
925 3036 1017 3109 idern
1041 3038 1087 3111 ell
1105 3040 1268 3141 piundum
1287 3099 1297 3129 ‚
1321 3039 1414 3145 qttod
1432 3040 1534 3144 vulgo

177 3166 333 3224 centrum
348 3146 517 3246 gravitatis
536 3158 701 3214 vocatur:
731 3164 807 3209 cum
824 3156 936 3210 autem
954 3142 1021 3212 ltoc
1037 3144 1202 3243 pundlum
1217 3148 1262 3214 ita
1284 3146 1438 3217 omnibus
1456 3172 1532 3219 cor-

174 3252 313 3353 poribus
333 3248 370 3320 srt
388 3239 582 3331 effentiale,
611 3260 649 3313 nt
666 3246 705 3312 iis
722 3240 766 3312 ob
787 3245 939 3315 inertiam
959 3238 1063 3314 lolam
1077 3251 1283 3333 conveniat,
1306 3254 1451 3347 gravitas
1477 3273 1533 3317 an·
1636 3296 1642 3303 -

126 3426 142 3435 ,
175 3373 245 3426 tem
268 3376 332 3452 pro
350 3354 381 3417 vi
398 3340 601 3419 extrinsecus
619 3348 652 3416 in
672 3366 816 3442 corpora
829 3362 949 3445 agente
966 3342 1004 3415 stt
1022 3344 1196 3419 habenda:
1226 3345 1328 3415 malui
1354 3352 1384 3417 ei
1403 3372 1532 3418 nomen

174 3458 281 3527 centri
297 3446 415 3523 maffae
430 3446 486 3521 len
501 3451 638 3519 inertiae
654 3444 819 3531 tribuere,
844 3464 881 3517 ut
898 3444 1115 3545 intelligatur,
1137 3442 1170 3519 id
1183 3472 1245 3546 per
1260 3440 1363 3519 solam
1377 3452 1534 3521 inertiam

175 3556 405 3630 determinari.
467 3545 578 3657 Qtod
609 3566 717 3625 autem
744 3544 785 3619 de
808 3546 936 3648 aequali
961 3544 1192 3622 dillribntionc
1217 3542 1335 3621 ruallus
1361 3555 1447 3621 circa
1469 3550 1538 3621 boc

176 3678 331 3730 centrum
348 3656 640 3739 commemoravi,
664 3654 775 3721 minus
803 3644 899 3721 facile
928 3648 1122 3749 explicatur.
1190 3652 1328 3750 Optima
1346 3651 1537 3754 explicatio

175 3760 246 3833 snae
261 3748 363 3829 dubio
381 3780 421 3829 ex
438 3751 553 3855 regula
572 3808 583 3846 ,
608 3777 672 3855 qua
688 3754 755 3823 hoc
772 3772 927 3823 cenrrmn
943 3757 1140 3838 invenitur,
1169 3752 1215 3823 ell
1240 3750 1392 3851 pctcnda.
1443 3752 1539 3826 Scili-

177 3882 232 3933 cet
250 3856 416 3933 referatur
434 3880 556 3955 corpur
572 3852 612 3925 ad
636 3874 745 3927 ternas
765 3850 956 3925 diredlrices
981 3856 1075 3950 ou,
1101 3856 1158 3925 ΟΒ
1179 3911 1188 3941 ,
1216 3854 1280 3925 OC
1303 3860 1392 3929 inter
1409 3848 1441 3926 se
1457 3880 1540 3928 nor·

175 3960 296 4050 males,
323 3961 441 4065 quibus
460 3954 634 4058 parallelae
651 3956 893 4029 coullitnantur
909 3954 1144 4043 coordinata,
1163 3973 1230 4027 tam
1246 3980 1310 4057 pro
1324 3964 1446 4059 quovis
1464 3982 1542 4031 cor·

176 4060 274 4165 poris
302 4064 499 4146 elemento,
529 4084 629 4157 qttam
653 4082 717 4155 pro
749 4078 868 4128 centro
895 4062 1031 4130 inertiae
1056 4054 1214 4159 I‚,quod
1234 4066 1416 4163 quaeritur.
1492 4052 1543 4153 Sit

169 4158 396 4249 'anaffiitotias
415 4166 567 4261 corporis
591 4194 630 4231 ε.-
652 4162 705 4252 Μ,
722 4168 813 4254 cujus
833 4154 1014 4261 quodpiam
1035 4158 1239 4233 elementum
1257 4160 1487 4235 consideretur
1505 4164 1540 4231 in

177 4274 205 4343 Z
230 4272 300 4358 cjus
319 4260 453 4337 maffiala
471 4260 577 4365 pofita
593 4293 631 4330 -.·..-
652 4262 677 4335 d
686 4264 728 4335 M
744 4320 753 4350 ‚
779 4288 814 4333 ac
831 4266 955 4333 uocatis
973 4248 1180 4335 coordinatis
1196 4264 1259 4336 ΟΧ
1273 4300 1312 4335 =
1328 4292 1353 4338 x
1369 4324 1378 4354 ‚
1404 4266 1466 4341 XY
1476 4284 1544 4353 :y

176 4440 210 4495 et
226 4420 287 4491 YZ
304 4448 343 4489 =
362 4442 404 4517 2,
428 4400 505 4491 litus
521 4423 625 4491 centri
643 4424 783 4493 inertiae
800 4419 814 4489 1
831 4421 874 4487 ita
892 4411 1152 4506 determinatur,
1169 4434 1214 4520 ut·
1229 4416 1270 4493 su
1288 4417 1350 4491 OE
1370 4448 1408 4487 ε
1422 4356 1544 4525 &sipi-⁷¹3
1594 4464 1598 4469 -

854 4570 879 4639 P
1431 4558 1547 4629 EG:
