4092 5134
272 316 276 341 Ι
348 422 416 525 158
549 338 748 491 curua
769 399 841 491 1v.
905 396 983 487 ou
1002 386 1488 493 unumunurm
1567 416 1612 484 ·.

322 682 325 687 Ι
352 594 439 768 gallis
458 588 828 770 elpimentisulecundum
844 586 947 691 ipsam
970 598 1091 661 motua'
1109 584 1331 659 diredliouem
1350 580 1530 684 applicatae
1551 563 1699 675 suntin·

272 708 274 713 '
355 716 387 770 re
415 703 492 798 igcn
518 724 564 771 ac.
623 706 626 711 '

820 841 1145 920 COROLL.
1204 860 1233 911 a.

468 1021 547 1086 400.
575 995 660 1089 Quia
682 995 802 1064 harum
816 995 939 1061 virium
961 985 1053 1058 nulla
1076 984 1207 1073 ubilat,
1237 988 1419 1084 quomiuua
1437 980 1590 1085 ⁸reliquae
1606 972 1698 1053 'effe-

356 1099 446 1171 uum
466 1094 561 1167 suum
579 1095 715 1193 plenum
733 1090 945 1191 producant,
966 1085 1105 1188 perinde
1123 1114 1160 1158 ac
1176 1082 1359 1186 fifiugulae
1373 1086 1583 1182 particulaca
1600 1078 1635 1155 se
1648 1088 1700 1155 in·

357 1206 467 1272 vicem
489 1191 592 1270 essent
618 1191 818 1279 dillolutae,
847 1194 885 1263 ab
901 1194 950 1263 hia
968 1188 1092 1261 uiribus
1112 1188 1376 1290 elementaribua
1390 1213 1499 1290 neque
1522 1210 1705 1289 compagee

359 1304 513 1400 corporis
536 1323 644 1398 neque
667 1302 736 1372 axia
759 1298 943 1397 gyrationia
965 1288 1118 1363 afficitur.
1701 1302 1711 1317 ⁴

868 1444 1191 1531 GOROLma.

458 1623 532 1689 401.
564 1605 752 1697 Compages
781 1601 884 1697 igitur
908 1598 1054 1701 partium
1078 1612 1176 1695 atque
1200 1595 1269 1663 axis
1286 1588 1474 1691 'gyrationis
1497 1586 1602 1664 nullae
1623 1588 1710 1665 aliae.

359 1710 444 1774 vires
461 1698 645 1789 sustinent,
671 1697 731 1770 nisa
754 1723 837 1798 quae
858 1721 897 1767 ex
926 1715 1020 1766 motu
1042 1697 1216 1796 gyrarorio
1232 1689 1305 1792 ipso
1321 1688 1526 1782 nascuntur,
1552 1712 1635 1794 quae
1661 1718 1717 1765 ue=

358 1806 426 1875 hoc
451 1800 660 1900 tempusculo
682 1796 824 1901 perinde
857 1794 898 1899 se¹
915 1797 1082 1869 habebunt
1113 1854 1123 1885 ,
1164 1819 1202 1867 ac
1222 1792 1249 1869 sa
1273 1812 1387 1870 motus
1406 1800 1594 1897 gyratorius
1623 1820 1641 1870 e
1670 1812 1706 1868 et

319 1972 327 2037 ἱ
357 1900 547 1980 uniformis.

898 2051 1179 2145 aenomau-

462 2224 536 2291 402.
563 2200 631 2273 Etsi
648 2222 760 2275 autem
774 2203 860 2272 vires
878 2199 1097 2275 elementares
1112 2224 1171 2298 per
1188 2193 1219 2270 se
1236 2221 1331 2268 axem
1345 2204 1530 2299 gyrationis
1545 2228 1618 2275 uon
1634 2198 1706 2275 affi-

364 2306 486 2394 ciunt,
512 2296 565 2373 led
593 2302 683 2405 quali
708 2322 796 2376 totae
815 2308 848 2372 in
869 2322 966 2375 motu
989 2300 1198 2403 {iugulorum
1215 2298 1464 2373 elementorum
1486 2300 1708 2377 accelerando
1733 2380 1738 2387 ,

361 2397 630 2492 consaununtur,
653 2426 762 2477 tamen
778 2424 938 2504 quatenus
955 2404 995 2476 ab
1020 2410 1058 2477 iis
1078 2422 1190 2475 motus
1210 2409 1400 2502 gyratorius
1425 2404 1572 2505 rapidior
1597 2402 1710 2479 reddi·

361 2525 440 2593 rur,
462 2527 595 2576 eatenus
616 2507 659 2578 ob
676 2508 802 2577 auclam
818 2510 885 2574 vim
911 2502 1133 2605 centrisugam
1155 2508 1266 2588 vires,
1295 2530 1375 2601 quas
1394 2511 1462 2577 axis
1485 2504 1647 2599 sustinet,
1667 2506 1710 2579 fi·

363 2624 424 2678 unt
434 2612 592 2699 majorca.
644 2610 770 2679 Verum
789 2608 843 2676 hic
860 2598 997 2678 effeuua
1009 2612 1124 2707 primo
1138 2602 1269 2677 instanti
1284 2603 1329 2676 cll
1349 2603 1481 2678 infinite
1496 2632 1639 2707 parvus,
1661 2602 1717 2681 at?

387 2733 429 2779 ue
450 2712 517 2779 axia
543 2706 638 2778 aliter
662 2734 732 2779 non
755 2704 920 2795 afficitur,
953 2705 1036 2779 acsr
1063 2724 1176 2779 motus
1198 2710 1389 2805 gyratorius
1416 2701 1497 2781 effer
1521 2704 1712 2799 uniformia.

364 2734 499 2880 deificet
516 2836 594 2881 cum
611 2808 761 2881 celeritas
776 2807 941 2911 augularis
955 2806 995 2883 su
1007 2842 1047 2881 ε.-
1061 2835 1110 2894 a,
1136 2804 1302 2907 quaelibet
1313 2808 1491 2907 particula,
1516 2818 1608 2907 cujus
1625 2808 1716 2885 mast

625 3001 631 3015 .
722 3002 727 3014 .
1487 3006 1493 3019 ,
1566 2940 1710 3011 &term

365 2988 397 3063 sa
415 3026 452 3061 =
466 2994 530 3065 dM
551 3008 584 3063 et
600 2991 748 3067 dulanua
767 2997 807 3067 ab
826 3022 886 3068 axe
902 3030 941 3068 τ.-
956 3024 985 3084 r,
1001 2995 1040 3066 ab
1057 3019 1115 3065 axe
1131 2988 1289 3065 recedere
1304 3016 1447 3070 conatur
1462 3027 1495 3072 vr
1512 3031 1714 3098 =.'''''''·

1612 3080 1629 3115 2

198 3132 271 3231 fig.
291 3152 338 3227 32
368 3129 418 3203 Ab
438 3128 591 3198 omuibus
608 3149 717 3202 autem
735 3133 803 3238 illia
821 3135 944 3204 viribus
959 3159 1018 3231 per
1037 3132 1068 3227 §.
1087 3148 1156 3223 338.
1172 3137 1240 3203 axis
1257 3135 1322 3205 ΟΛ
1347 3134 1554 3228 εοῃῙιιηέῙῐιιι
1576 3140 1622 3207 ita
1634 3082 1712 3211 gaffi·

368 3236 474 3315 citur,
496 3250 529 3298 ut
545 3235 579 3299 in
595 3227 771 3304 subsidium
789 3241 917 3307 vocatis
941 3237 1026 3307 binis
1047 3230 1274 3306 direuricibus
1297 3238 1355 3306 OB
1370 3256 1402 3306 ct
1422 3236 1486 3306 OC
1507 3238 1653 3308 invicem
1679 3260 1714 3313 et

245 3336 247 3341 '
368 3328 408 3401 ad
423 3356 517 3451 axem
536 3333 597 3403 oa
614 3336 845 3425 normalibus,
876 3337 994 3437 quibus
1010 3360 1076 3435 pro
1087 3334 1256 3409 elemento
1269 3336 1336 3409 AM
1352 3340 1431 3408 in'L
1457 3332 1520 3453 lito
1539 3338 1714 3435 parallelae

366 3432 1214 3639 lllllulssllllillmlaffluar
1229 3439 1713 3621 lluaalllll'ssl‘llf

365 3658 408 3707 ro
423 3632 482 3733 ipsa
496 3634 559 3704 OC
577 3630 616 3707 su
631 3638 785 3737 parallelo
801 3670 812 3733 3
840 3645 887 3712 ita
906 3658 942 3712 ut
959 3637 997 3711 fit
1640 3639 1646 3647 ⁰

516 3777 1185 3968 OEzsfffiletviaEczz-{jydlvl

639 3988 776 4067 sxsz

515 4004 1175 4190 or=ffiavarf=gszau

364 4207 430 4283 Vel
444 4206 563 4279 harum
580 4204 658 4277 loeo
676 4212 710 4275 in
726 4205 807 4280 daus
828 4210 957 4284 duobus
974 4210 1104 4309 punflia
1119 4214 1152 4283 0
1168 4230 1201 4285 et
1221 4216 1253 4283 A
1275 4210 1633 4313 binae'aequivalcnres
1656 4216 1715 4291 Ol.

366 4312 415 4395 ΟιΙ
431 4329 463 4383 et
483 4302 557 4395 AG,
586 4309 642 4401 ny
661 4306 840 4407 applicatae
856 4318 988 4410 concipi
1004 4305 1157 4410 possunt,
1181 4339 1324 4415 quaeex
1340 4314 1372 4411 ᾗ.
1388 4339 1462 4410 343.
1476 4338 1591 4408 crunt,
1606 4318 1718 4420 polito

366 4410 544 4487 interuallo
564 4408 626 4481 ΟΛ
642 4441 681 4481 =
695 4434 726 4493 a,
1589 4466 1594 4475 ,

1661 4527 1712 4592 vis
