4092 5134
289 394 294 413 ”
419 368 717 529 eruuntur
758 439 1145 531 ratramnum
1189 440 1439 536 rasorum
1479 446 1557 535 &u
1614 478 1688 562 491
1743 424 1749 433 '

326 658 402 707 uno
424 624 587 732 punclo,
620 651 732 706 tamen
758 637 891 705 attritus
916 626 1108 718 evanescit,
1136 628 1282 736 ideoque
1309 636 1365 707 hic
1388 654 1501 709 motus
1525 644 1689 713 extinctio

327 742 525 835 neutiquam
543 730 975 833 frictioniadscribiputell.
1027 734 1160 833 Exquo
1179 726 1385 809 concludere
1404 734 1573 826 debemus,
1593 768 1689 840 prae·
1788 794 1798 811 -.
1878 762 1883 783 ⁴

307 844 386 909 lter
401 833 621 923 frictionem,
652 842 698 907 uti
716 838 771 907 lric
788 862 860 907 eam
876 832 1119 928 delinivimus,
1148 834 1238 909 aliud
1264 833 1374 909 adbuc
1397 834 1467 911 dari
1493 859 1604 913 motus
1627 848 1690 913 im·

329 936 591 1039 pedimeutum,
621 934 704 1008 dum
726 960 871 1036 corpora
898 930 994 1033 super
1019 929 1254 1034 superficiebus
1280 934 1466 1027 incedunt¹
1490 966 1508 1011 a
1529 938 1689 1015 frictione
1773 950 1776 959 '

328 1040 438 1215 probe
451 1034 747 1137 distinguendum,
773 1046 865 1131 cujus
884 1040 971 1108 ratio
987 1052 1156 1135 utcunque
1172 1032 1276 1109 suerit
1302 1060 1517 1137 comparata,
1546 1050 1617 1136 ejus
1641 1040 1690 1115 es·

349 1158 438 1213 ecttu
454 1145 567 1239 potius
586 1132 722 1210 seorsim
738 1138 927 1237 investigari
942 1142 1105 1207 convenit
1121 1194 1131 1225 ‚
1157 1158 1259 1239 quatu
1274 1134 1444 1213 frictionis
1468 1138 1618 1217 indolem
1634 1146 1691 1218 bic

332 1240 508 1315 llabt'litam
521 1244 702 1311 immutari.
754 1242 798 1311 Et
814 1234 1105 1339 quemadmodum
1122 1240 1178 1311 laic
1194 1266 1212 1310 a
1227 1238 1407 1315 resistentia
1431 1248 1515 1315 aeris
1539 1266 1692 1318 mentem

329 1342 560 1427 abstrahimus,
581 1348 628 1411 ita
648 1346 748 1413 etiam
768 1338 878 1412 licebit
895 1342 964 1411 hoc
988 1338 1195 1415 obllaculum
1207 1338 1406 1415 frictionem
1424 1352 1691 1421 concomitatur
1745 1324 1750 1353 ¹

327 1440 495 1545 praesenti
512 1460 713 1544 argumento
738 1438 922 1543 sejungere.
1308 1456 1312 1461 '

771 1606 1258 1685 scnottou.a
1395 1656 1398 1661 -

430 1756 524 1829 1043.
545 1732 765 1831 Corporahic
782 1726 951 1829 sphaerica
965 1716 1157 1820 considero,
1185 1738 1221 1805 in
1237 1756 1385 1835 quorum
1399 1749 1517 1808 centro
1533 1732 1632 1806 litum
1647 1733 1688 1807 lit

331 1832 481 1935 ipsorum
497 1852 651 1905 centrum
674 1838 811 1905 inertiae
829 1834 843 1909 l
861 1890 871 1921 ‚
897 1829 989 1934 quod
1006 1856 1091 1931 ergo
1111 1828 1220 1935 ipsum
1240 1827 1342 1906 etia'm
1357 1838 1392 1905 in
1407 1834 1508 1934 plano
1522 1836 1686 1923 horizon·

332 1938 389 2009 cali
407 1952 607 2023 moueatur,
636 1950 669 2005 et
689 1951 815 2031 puncto
832 1953 1004 2006 contactus
1027 1935 1065 2005 T
1104 1954 1247 2033 erpetuo
1271 1936 1477 2009 verticaliter
1499 1941 1687 2017 immineat.

288 2106 301 2117 ,
332 2042 385 2111 Ex
401 2066 470 2137 quo
486 2054 576 2136 patet
591 2092 601 2119 ‚
614 2030 824 2131 pressionem
841 2040 876 2109 in
894 2052 1051 2107 contactu
1069 1962 1137 2107 sdtn
1163 2060 1200 2107 er
1215 2032 1292 2109 sore
1309 2034 1453 2134 ponderi
1468 2044 1622 2136 corporis
1640 2038 1684 2111 M

333 2138 515 2241 aequalem.
566 2138 600 2207 st
617 2162 701 2237 ergo
717 2160 839 2234 corpus
858 2162 898 2209 ex
919 2138 1056 2208 materia
1068 2062 1233 2207 unistlrmi
1258 2136 1449 2224 constaret,
1470 2164 1589 2211 omnen
1613 2145 1684 2233 ejus

333 2240 487 2317 diametri
509 2242 714 2337 proprietate
739 2242 851 2309 axium
871 2234 1107 2337 principalium
1126 2234 1340 2336 gauderent,
1379 2234 1436 2310 sed
1456 2244 1684 2339 concipiamus

332 2345 490 2415 materiae
511 2337 779 2411 distributionem
796 2354 965 2443 utcunque
979 2334 1248 2437 inaequabilem,
1271 2341 1314 2408 ita
1333 2355 1446 2411 tamen
1472 2356 1509 2409 ut
1526 2358 1684 2413 centrum

333 2446 472 2517 inertiae
489 2438 583 2512 cadat
601 2446 635 2510 iu
658 2459 808 2511 centrum
834 2436 962 2541 figurae
981 2462 992 2515 t
1017 2438 1130 2537 Quane
1151 2430 1283 2511 necesse
1303 2442 1366 2509 erit
1388 2443 1425 2509 in
1438 2437 1544 2541 globo
1566 2460 1682 2515 ternos

331 2570 408 2619 axes
421 2538 619 2645 principales
636 2537 835 2613 considerari
853 2595 864 2637 ‚
886 2546 943 2641 qui
960 2564 1001 2613 ex
1014 2540 1162 2627 ceutrol
1175 2544 1366 2639 pertingant
1386 2544 1421 2611 iu
1434 2560 1557 2637 puncta
1572 2546 1619 2630 Λ,
1643 2546 1683 2631 Β,

334 2652 364 2721 C
383 2704 393 2733 ‚
421 2640 656 2745 quadrantibus
673 2668 690 2713 a
707 2638 740 2714 sc
757 2646 901 2713 invicem
916 2639 1076 2733 dillantia,
1090 2664 1239 2739 quorum
1263 2634 1415 2737 respectu
1433 2638 1473 2711 stt
1491 2698 1503 2730 ‚
1532 2636 1682 2740 utsupra

332 2742 504 2850 posuimus
520 2798 532 2829 ‚
553 2762 724 2817 momenta
734 2747 871 2815 inertiae
886 2742 970 2817 Mra
986 2798 995 2829 ,
1021 2736 1123 2827 libb,
1149 2743 1232 2818 Mcc.
1282 2740 1480 2841 Quanquam
1495 2760 1607 2815 autem
1622 2742 1681 2818 de·
1824 2788 1827 2793 ·

334 2856 448 2949 inceps
463 2847 538 2931 bina
553 2843 609 2917 vcl
627 2849 741 2917 ornuia
765 2846 847 2915 haec
871 2861 1043 2914 momenta
1068 2846 1156 2914 inter
1181 2837 1214 2913 se
1237 2840 1386 2941 aequalia
1406 2843 1607 2931 statuemus,
1633 2864 1683 2917 ta-

292 2956 294 2960 ’
332 2976 414 3025 men
428 2949 608 3021 conveniet
622 2943 815 3041 hujusmodi
835 2948 898 3016 tria
914 2962 1034 3043 puncta
1050 2947 1086 3015 in
1108 2938 1284 3041 superficie
1305 2944 1370 3015 lixa
1390 2939 1535 3033 notasse,
1550 2971 1621 3046 quo
1638 2970 1680 3020 ex

333 3076 454 3127 eorum
478 3046 642 3122 relatione
662 3044 702 3119 ad
726 3043 875 3147 spatium
890 3042 1105 3128 absolutum,
1143 3040 1272 3115 facilius
1290 3060 1404 3117 'motus
1424 3044 1516 3146 globi
1541 3044 1678 3121 definiri

271 3196 275 3203 ·
332 3150 439 3257 posl'rt.
490 3150 683 3223 Conllitutis
699 3169 810 3221 autem
828 3152 863 3218 in
875 3144 980 3247 globo
998 3150 1051 3218 his
1074 3144 1175 3217 tribus
1199 3148 1330 3243 punctis
1353 3150 1410 3230 Δ,
1437 3148 1486 3241 Β,
1510 3150 1566 3233 C,
1592 3174 1679 3249 quo·

332 3262 424 3328 niam
434 3269 556 3325 ,motus
572 3255 757 3351 gyrationis
773 3254 861 3321 circa
875 3250 906 3317 0
921 3306 932 3337 ‚
957 3274 1060 3349 quem
1072 3252 1107 3317 iu
1121 3244 1252 3347 plagam
1268 3246 1323 3318 Tr
1341 3242 1440 3343 dirigi
1461 3238 1679 3335 affinnfimus,

331 3350 464 3429 sensum
483 3353 580 3425 babet
597 3354 684 3425 CBA
708 3355 916 3423 contrarium
932 3355 962 3421 ci
979 3340 1118 3451 {quem
1137 3343 1239 3447 'supra
1259 3345 1456 3433 statuimus,
1478 3350 1512 3417 in
1535 3348 1679 3449 applica·
1788 3356 1793 3361 '

333 3463 428 3529 tione
442 3450 667 3527 formularum
689 3453 897 3555 generalium
912 3448 954 3525 ad
974 3456 1066 3525 hunc
1080 3443 1192 3523 casum
1208 3446 1421 3549 celeritatem
1429 3448 1637 3549 ¹*angularem
1660 3438 1688 3527 d

332 3578 370 3635 ut
382 3560 572 3659 negativam
589 3550 738 3657 spectare
752 3555 921 3629 debemm.
1054 3588 1060 3599 ·

785 3720 1136 3801 anastasin.
1186 3741 1233 3817 ις.
1387 3704 1393 3725 “

433 3874 530 3943 1044.
552 3852 587 3923 Si
604 3850 722 3951 globus
741 3847 840 3951 snper
861 3850 963 3953 plano
981 3844 1187 3923 horizontali
1209 3836 1592 3947 utcunque'moveatur‚
1621 3832 1683 3909 des

332 3956 434 4030 linire
455 3959 568 4040 vires,
594 3955 711 4055 quibus
738 3950 963 4045 sollicitatur,
991 3972 1174 4051 earumque
1187 3966 1367 4049 ‚momenta
1387 3936 1541 4044 respectu
1563 3956 1680 4029 teruoq

332 4082 412 4171 rum
429 4061 540 4130 axium
555 4052 789 4159 principalium
804 4054 912 4158 globi.
982 4072 986 4089 ·
1326 4058 1329 4064 '

855 4207 1151 4283 SOLUTIO.

355 4454 359 4465 .
441 4334 590 4437 Inclusus
605 4364 814 4459 concipiatur
829 4356 947 4461 globus
963 4352 1122 4457 sphaerae
1137 4354 1193 4431 vel
1208 4354 1294 4431 fixae
1317 4350 1372 4427 vel
1395 4372 1472 4425 cum
1497 4348 1678 4448 eo'parem
1697 4354 1787 4467 ΗΒ(
1797 4380 1865 4471 ¹39·-

334 4478 470 4547 matun
485 4458 730 4569 progressurum
746 4464 903 4565 habenti,
928 4465 961 4533 in
988 4486 1054 4561 qua
1074 4461 1109 4543 Z
1122 4459 1162 4538 fit
1175 4450 1528 4565 *ptmctutuverticale'
1543 4456 1679 4550 ejsuque
1712 4480 1717 4487 ·

927 4564 1067 4671 saa-2
1573 4576 1683 4655 ⁰PP⁰=
