4092 5134
303 342 568 495 ,noanon
591 368 912 487 conamur
939 294 1268 497 neruorum
1291 372 1390 461 aa·
1464 366 1529 485 231

178 571 212 639 ai
244 590 286 639 ex
316 564 416 638 motti
455 568 521 637 axis
557 565 777 663 gyrationis,
817 562 871 659 vel
904 587 946 637 ex
979 582 1079 638 motu
1110 571 1220 655 centri
1236 646 1242 659 ‚
1259 568 1398 641 inertiae
1432 560 1521 661 judig

178 674 247 743 cari
283 664 390 742 debet.
536 646 547 689 '
819 764 879 837 Μ
1044 698 1047 703 ·

279 891 346 963 595.
373 862 451 938 Idea
467 867 549 938 haec
565 860 678 959 motus
695 867 789 935 mixti
805 886 846 935 ex
861 859 942 934 ideis
957 872 1130 967 utriusque
1142 863 1472 967 'motus‘progreslrvi
1489 883 1523 940 et

174 975 341 1069 gyratorii
356 966 402 1041 esl
417 964 583 1055 conflata,
613 962 703 1040 unde
718 964 767 1053 fit,
786 983 821 1035 ut
847 984 965 1037 neutra
983 971 1016 1037 in
1038 993 1075 1040 ea
1115 994 1174 1039 ure
1192 991 1225 1038 et
1239 966 1390 1067 perfesle
1413 974 1521 1042 conti·
1618 1000 1634 1018 ⁸

177 1087 306 1141 neatur.
345 1073 447 1145 ,Cum
468 1075 559 1141 enim
586 1086 717 1141 motum
739 1060 981 1166 progtelltvum
1007 1076 1052 1140 ita
1076 996 1317 1167 delinivimus,
1345 1090 1381 1141 ut
1403 1096 1521 1163 omnes
1641 1060 1645 1071 ¹

176 1170 299 1266 rectae,
317 1196 398 1270 quas
413 1178 449 1243 in
469 1195 613 1268 corpore
622 1172 807 1267 'concipere
828 1165 925 1265 liceri,
954 1167 1010 1242 fibi
1025 1182 1188 1271 perpetuo
1207 1189 1362 1243 maneant
1383 1170 1523 1269 paralle·
1545 1176 1569 1205 ·'

176 1268 251 1358 lae,
278 1272 362 1343 haec
378 1276 565 1369 proprietas
579 1275 615 1341 iu
633 1288 728 1341 motu
742 1274 847 1339 mixto
862 1274 1001 1343 minime
1019 1270 1106 1345 valet
1122 1328 1133 1367 ,
1154 1266 1210 1343 sed
1226 1291 1352 1343 tantum
1370 1268 1410 1344 ad
1426 1298 1524 1344 axem

173 1376 359 1472 gyrationis
378 1368 614 1473 adstringitur:
646 1375 783 1443 interim
807 1389 918 1443 tamen
939 1370 1075 1445 evidens
1102 1372 1174 1460 est,
1203 1370 1363 1465 staraotus
1387 1395 1523 1475 gyrato·

174 1478 242 1543 rius
260 1471 461 1563 tolleretur,
488 1470 541 1544 vel
564 1468 799 1569 evanesceret,
821 1491 954 1544 motum
976 1472 1222 1574 progreslivum
1243 1470 1432 1575 persec'sum
1456 1468 1522 1548 esse

173 1569 417 1645 remansurum.
468 1570 574 1646 Simili
590 1569 697 1647 modo
713 1570 865 1645 definitio
876 1592 985 1647 motus
999 1580 1163 1675 gyratorii
1175 1572 1353 1678 snpradata
1369 1574 1410 1646 ad
1425 1603 1522 1649 axem

173 1672 280 1749 fixum
311 1670 367 1746 seu
394 1670 621 1776 quiescentem
649 1693 719 1747 erat
747 1674 898 1747 adilrisla
928 1734 939 1762 ,
983 1704 1073 1748 nunc
1104 1695 1216 1747 autern
1249 1674 1290 1747 ad
1317 1702 1412 1746 axem
1443 1704 1518 1748 mo-

175 1794 249 1848 tum
272 1772 488 1875 extenditur,
544 1803 604 1849 uae
626 1774 797 1849 translatio
820 1803 881 1875 per
904 1774 1013 1849 ideam
1032 1775 1127 1877 spatii
1148 1782 1234 1849 moti
1260 1778 1517 1865 corroboratur,

172 1874 361 1949 dummodo
371 1899 411 1950 ut
426 1879 482 1950 hic
499 1805 715 1976 adimimus,
740 1882 807 1949 axis
823 1876 880 1950 fibi
899 1873 1029 1978 semper
1048 1900 1179 1951 maneat
1194 1878 1377 1979 parallelus.
1426 1882 1520 1975 Quin

174 1985 274 2051 etiam
286 1975 498 2078 perspicuum
514 1979 585 2068 esi,
612 1978 735 2051 siastet·
756 1998 870 2051 motus
884 1978 1108 2081 progresllvus
1127 1980 1302 2055 tolleretur
1324 1980 1376 2069 vel
1400 2006 1520 2051 eume·
1603 2026 1614 2053 i

173 2076 305 2167 sceret,
332 2100 463 2153 motum
479 2085 693 2181 'gyratorium
714 2077 903 2178 perfessum
929 2082 1062 2181 qualem
1078 2080 1173 2177 supra
1201 2080 1430 2180 descripsimus
1454 2076 1519 2152 esse

167 2177 415 2257 remansurum.
464 2182 551 2284 Quo
567 2190 676 2256 tnirius
694 2189 756 2255 erit
778 2179 1023 2281 dubitandum,
1050 2191 1132 2273 quin
1154 2182 1226 2255 talis
1245 2202 1357 2254 motus
1375 2184 1464 2253 recte
1479 2208 1521 2253 ex

170 2280 380 2384 progrsffivo
397 2299 431 2354 et
448 2291 625 2382 gyratorio
640 2290 760 2354 mixtus
785 2282 996 2383 appelletur,
1024 2290 1184 2385 quoniam
1207 2284 1370 2360 alterutro
1382 2279 1519 2379 ‚sublato

172 2384 397 2487 alternamen
413 2378 507 2479 sumu
523 2392 596 2479 jure
620 2383 679 2457 fibi
700 2381 863 2461 vendicat.
899 2448 901 2455 .

691 2538 1009 2609 SCHOLION.

271 2646 342 2728 596.
369 2644 467 2713 Circa
482 2636 582 2710 talem
595 2652 729 2705 motum
745 2642 889 2704 mixtum
913 2641 1025 2705 variae
1043 2638 1256 2735 'quaesliones
1278 2642 1417 2706 veniunt
1441 2642 1523 2706 conss

169 2730 386 2824 fiderandae,
409 2762 550 2909 patarum
568 2740 674 2830 prima
689 2732 760 2817 ess,
788 2730 963 2832 quomodo
981 2734 1052 2805 talis
1077 2757 1214 2822 tttotus,
1245 2736 1266 2805 st
1295 2735 1403 2805 nullae
1429 2741 1516 2805 vires

166 2832 388 2925 accesserint,
428 2836 708 2931 eritlrabiturus,
732 2834 788 2904 ubi
808 2830 943 2933 quidem
967 2840 1032 2926 jam
1057 2834 1231 2922 vidimus,
1255 2858 1435 2935 utrumque
1461 2861 1515 2907 ae·

165 2934 344 3038 quabiliter
359 2934 423 3013 esse
436 2938 676 3040 perreslurmu.
728 2934 860 3007 Deinde
881 2935 1005 3006 viribus
1029 2936 1261 3012 accedentibus
1282 2938 1512 3041 quaestionem

164 3044 307 3126 ntir'time
322 3046 358 3111 in
372 3067 497 3142 genere
520 3040 659 3113 traslare
674 3035 774 3124 licet,
800 3055 837 3108 ut
864 3044 1003 3109 variatio
1014 3048 1193 3141 ,utriusque
1216 3062 1327 3112 tuutus
1347 3066 1365 3110 a
1383 3040 1510 3117 viribus
1553 3068 1557 3073 ’

163 3139 350 3243 quibuscun
376 3169 417 3215 ue
432 3162 506 3214 orta
524 3138 702 3214 definiatur
716 3169 727 3228 ;
756 3133 812 3209 sed
832 3164 869 3211 ea
884 3158 1013 3210 tautum
1027 3141 1068 3213 ad
1083 3164 1173 3214 certa
1190 3150 1311 3214 viriam
1326 3168 1448 3243 genera
1464 3140 1511 3213 esi

164 3171 406 3343 restringenda.
457 3247 546 3315 Cum
562 3239 687 3314 scilicet
709 3258 819 3310 certae
843 3237 905 3311 sint
929 3246 1043 3330 vites,
1069 3271 1151 3342 quae
1175 3268 1354 3343 utramque
1375 3261 1511 3314 motum

164 3337 304 3417 seorsim
319 3350 364 3417 ita
382 3348 540 3433 turbant,
569 3364 606 3417 ut
630 3366 734 3444 genus
759 3358 870 3412 motus
892 3366 962 3413 nou
989 3361 1160 3432 mutetur,
1189 3349 1240 3415 his
1265 3338 1509 3445 conjungendis

164 3464 223 3518 'eas
233 3441 456 3546 adipiscemur
473 3453 587 3536 vires,
614 3468 756 3544 quarum
769 3436 927 3516 effeclum
951 3449 986 3514 in
1006 3444 1198 3541 hujusmodi
1226 3445 1372 3517 motibus
1396 3448 1509 3514 tuixtis

162 3542 306 3620 definire
322 3547 512 3620 valebimus.
578 3550 632 3619 De
646 3542 783 3643 reliquis
800 3560 910 3617 autem
925 3547 1051 3617 cunslis
1065 3550 1190 3619 viribus
1206 3547 1292 3620 nihil
1308 3542 1396 3618 aliud
1420 3541 1509 3615 affir-

162 3672 255 3722 mare
273 3648 409 3736 licebit,
432 3646 493 3718 nisi
507 3645 600 3748 quod
615 3654 681 3719 axis
695 3652 879 3749 gyrationis
891 3670 965 3718 non
978 3646 1015 3719 srt
1032 3646 1129 3719 situm
1148 3648 1204 3722 fibi
1220 3667 1385 3750 perpetuo
1403 3645 1508 3746 paral·

160 3749 267 3825 selum
282 3747 547 3826 conservaturus.
597 3748 764 3850 Qamdiu
786 3753 877 3818 enim
899 3754 966 3819 axis
991 3748 1047 3820 fibi
1073 3770 1184 3823 manet
1206 3749 1405 3852 parallelus,
1431 3774 1507 3820 ruo·

162 3868 216 3925 tus
233 3846 373 3951 ssemper
393 3856 460 3926 erit
485 3857 604 3921 mixtus
626 3876 666 3923 ex
684 3847 892 3948 progressuro
910 3856 943 3922 et
958 3860 1160 3949 gyratorio,
1199 3872 1298 3957 atque
1327 3850 1367 3923 ad
1390 3875 1506 3951 genus,

160 3950 330 4053 quoditie
352 3952 554 4043 traslamut,
582 3958 654 4050 'erit
675 3946 896 4027 referendust
933 3954 1063 4056 inquo
1086 3960 1247 4029 eximium
1269 3960 1367 4053 hujus
1376 3970 1506 4056 „motus

160 4058 523 4153 criteriumcernitur.

627 4208 970 4291 ruadanus.
1020 4209 1060 4307 ς.’

264 4342 342 4415 ἷ9ἳι·
358 4324 560 4423 δίκοὸφοζῑ
592 4318 907 4429 ήςῐᾶο”ὶῠΡΙ·-ᾰῖν-
927 4322 1035 4403 fissit
1055 4328 1180 4407 -motus'
1200 4338 1322 4403 mixtus
1343 4330 1390 4403 'ex
1423 4337 1505 4428 proi

155 4419 325 4575 greffivo,
340 4438 387 4513 et?-
401 4428 634 4573 wespa&
819 4428 820 4431 ’
1132 4454 1257 4535 *porro
1296 4428 1504 4520 sollicitetur,

1373 4550 1504 4607 utrum·
