4092 5134
752 384 755 391 ⁵
870 452 930 523 ·,
997 404 1228 509 CAPUT
1292 409 1321 507 l.

994 610 1323 703 conorr.a

577 791 628 863 57.
654 769 689 840 Si
708 766 791 841 inec
808 767 945 874 'triplex
973 772 1146 852 translatio
1181 791 1218 845 ut
1241 801 1339 848 uerus
1363 792 1478 847 motus
1498 767 1691 875 i'peetetur,
1719 780 1835 847 etiam·

475 903 648 983 litanturn
665 924 779 981 mente
796 919 1025 1014 concipiatur,
1052 920 1218 1017 exprimet
1243 874 1297 979 ‘ll
1328 911 1548 1000 celeritatem,
1576 896 1759 987 secuudum
1785 910 1838 985 di·
1910 952 1914 967 ·

1241 986 1262 1045 ct
1275 1000 1288 1045 r

477 1101 670 1168 rectionem
684 1096 767 1180 Oh,·
791 1122 896 1199 porro
925 1062 1838 1200 ³2celeritatem,secundum<tractionem0133atque

920 1173 941 1231 d
952 1189 966 1232 t

379 1274 381 1279 ’
475 1242 532 1415 Ξῖ
554 1282 774 1383 celeritatem,
791 1281 974 1367 secrmelunr
989 1286 1215 1367 directionem
1229 1292 1301 1363 OC.

997 1484 1247 1556 conone
1303 1501 1336 1568 a
1631 1456 1649 1555 f
1883 1478 1898 1521 t

583 1649 634 1727 58.
662 1637 713 1708 Ex
729 1639 782 1710 his
796 1640 900 1712 tribus
919 1662 1031 1719 nutem
1049 1644 1274 1719 celeritatibus
1296 1643 1424 1719 fictitiis
1440 1667 1512 1715 non
1533 1622 1844 1745 solumrera⁵ptnu
1888 1666 1891 1671 ·

486 1777 533 1846 cti
548 1772 696 1847 celeritas
711 1781 747 1881 in
769 1780 811 1879 ξ,
837 1805 922 1877 quae
947 1785 992 1857 eli
1018 1743 1127 1916 :g
1155 1783 1347 1886 colligitur,
1382 1778 1439 1854 sed
1468 1785 1570 1854 etiam
1606 1800 1718 1853 motus
1753 1777 1845 1855 dire·

473 1930 574 2019 ¹cti03
608 1944 707 2026 atque
719 1924 804 2000 adeo
820 1953 861 1999 ex
875 1954 991 2005 earum
1007 1937 1227 2036 integralibus
1245 1956 1336 2013 totus
1352 1953 1465 2007 motus
1479 1930 1649 2005 definitur.

993 2100 1271 2201 rnorron
1319 2128 1342 2174 a

592 2247 646 2318 59.
671 2221 798 2296 Calculi
818 2231 923 2327 gratia
946 2229 1003 2300 hic
1033 2249 1143 2304 ternas
1161 2229 1355 2304 directricer
1373 2233 1448 2317 On,
1475 2227 1544 2313 OB,
1562 2244 1594 2298 et
1612 2227 1687 2314 OC,
1706 2230 1795 2300 inter
1810 2218 1854 2299 se.

491 2327 661 2405 normales
678 2314 852 2419 corlllitui3
879 2356 963 2430 qnae
980 2337 1093 2419 etiarn,
1113 2354 1148 2405 ut
1164 2330 1383 2435 praecedente
1399 2325 1474 2403 casu
1487 2324 1648 2415 fecimus,
1674 2348 1848 2431 uteunque
1889 2318 1896 2333 ³

492 2429 647 2527 obliquae
671 2421 786 2498 athuni
809 2426 1007 2527 potuitlent:
1034 2461 1154 2506 verum
1174 2433 1310 2506 indoles.
1330 2430 1533 2533 angulorum
1551 2426 1741 2501 solidorum
1760 2428 1846 2502 obli·

389 2578 394 2595 ,
495 2555 643 2633 quorum
659 2554 730 2601 non
749 2547 816 2601 tam
838 2550 919 2603 nota
940 2531 1108 2636 plerisque
1129 2529 1195 2608 effe
1209 2531 1302 2621 solet,
1328 2554 1500 2606 uteorum
1521 2538 1756 2629 proprietates,
1773 2550 1845 2603 tan·

496 2657 596 2735 quam
640 2655 682 2702 ex
727 2627 901 2704 elementis
941 2628 1013 2705 satis
1052 2663 1094 2710 co
1120 2641 1224 2725 uitae,
1252 2640 1307 2707 hic
1339 2629 1454 2707 alhuni
1486 2628 1676 2731 potuillenr.
1752 2634 1846 2730 Quin

494 2737 625 2835 ¹potius,
642 2737 805 2833 quoniam
841 2739 1006 2835 imprimis
1052 2663 1168 2809 calculi
1208 2738 1379 2836 prolixitas
1414 2736 1459 2808 cll
1488 2732 1663 2822 evitanda,
1717 2740 1844 2809 merito

495 2831 627 2932 semper
664 2831 895 2909 directricibua
934 2837 1215 2938 orthogonalibus
1257 2860 1403 2910 utemur.
1488 2840 1631 2906 Interim
1669 2836 1845 2933 tarneu‚,fi

497 2974 554 3033 ene
570 2940 672 3016 essent
690 2945 843 3046 oblique,
872 2946 1052 3046 angulique
1067 2968 1235 3048 ponantur
1259 2948 1348 3015 ΛΟΒ
1377 2932 1466 3050 εζ,
1491 2951 1585 3019 AOC
1607 2982 1680 3040 :q
1701 2972 1734 3025 et
1754 2956 1847 3029 BOC

497 3094 536 3134 :-
555 3044 594 3147 θ,
622 3071 721 3154 atque
746 3060 786 3125 iis
816 3052 1033 3128 coordinatae
1055 3086 1099 3143 x,
1112 3085 1162 3151 y,
1187 3080 1226 3134 z,
1252 3052 1429 3147 parallelae
1452 3056 1636 3146 ducantur,
1662 3062 1844 3139 haberetur

496 3186 558 3267 per
574 3152 759 3230 formulam
776 3160 892 3253 ntique
907 3163 1011 3257 magis
1028 3157 1284 3254 complicatamg

548 3253 1785 3376 ds:rrdx²÷da¹÷d2²rexucui÷2dxacosa÷2edzeost>
1892 3294 1898 3299 ·

497 3389 597 3471 atque
620 3363 740 3466 positio
763 3362 929 3463 elementi
946 3366 1012 3455 Ss,
1025 3360 1082 3479 seu
1100 3364 1396 3464 metus-treenta,
1412 3375 1528 3478 nimis·
1541 3376 1762 3453 incommode
1778 3405 1848 3482 ex·

497 3479 713 3581 primeretur.
1724 3488 1728 3500 '

969 3632 1294 3714 ScHoLron.
1355 3662 1389 3721 2,

604 3805 663 3875 60.
714 3800 882 3891 Quoniam
896 3796 1093 3870 constitutio
1117 3815 1289 3870 ternarum
1309 3799 1536 3880 dIreelriciurn
1558 3814 1640 3897 Oh,
1666 3817 1743 3906 ΟΒ,
1772 3821 1849 3909 OC,

503 3900 563 3981 eth
577 3906 664 3977 inter
681 3895 714 3972 se
727 3901 950 3989 nominalium,
973 3896 1115 3970 infinitis
1131 3896 1242 3972 modis
1256 3909 1375 3977 variari
1396 3911 1526 4006 potest,
1548 3910 1640 3987 idem
1662 3936 1773 3994 motus
1798 3926 1849 3997 in·

380 4078 391 4099 κ
502 4004 607 4077 finitis
622 3999 731 4075 modis
746 3999 984 4102 repraesentari
998 3999 1118 4101 potest.
1170 4002 1261 4101 Qtin
1275 4012 1388 4094 etiam,
1407 4007 1431 4080 fi
1448 4014 1608 4110 punitum
1621 4040 1803 4097 moveatur
1815 4030 1852 4099 in

505 4102 590 4179 linea
611 4103 721 4192 reeta,
746 4103 800 4177 vel
817 4131 930 4194 curva,
955 4121 1027 4175 tota
1044 4106 1080 4172 in
1110 4099 1231 4174 eodem
1255 4104 1356 4203 plano
1379 4112 1557 4203 exiliente,
1576 4118 1668 4218 quali
1694 4123 1762 4199 hoc
1778 4150 1853 4201 nott

505 4200 682 4302 conflaret,
696 4225 806 4279 motus
818 4207 932 4278 nihilo
947 4210 1057 4277 minus
1072 4229 1133 4301 per
1154 4205 1346 4297 hujusmodi
1365 4230 1472 4284 ternas
1490 4212 1684 4296 directricer
1699 4224 1852 4326 expediti

362 4300 375 4311 ⁹
473 4374 476 4379 ,
504 4311 651 4407 poterit,
682 4306 857 4406 praestabit
893 4325 1005 4378 tamen
1031 4300 1198 4375 methodis
1233 4304 1487 4410 llmplicioribus
1515 4314 1611 4418 supra
1634 4322 1764 4400 traditis
1790 4332 1852 4405 riti.

502 4410 558 4483 Ex
569 4410 622 4482 hit
639 4431 723 4512 ergo
739 4425 839 4512 patet,
856 4405 1002 4482 eundem
1019 4424 1149 4481 motum
1168 4398 1298 4510 semper
1314 4406 1452 4488 infinitis
1470 4417 1581 4494 modis
1603 4428 1640 4499 iu
1658 4445 1776 4517 ternos
1798 4456 1842 4509 re

1762 4524 1787 4607 i
