4092 5134
301 475 308 489 .
426 409 862 505 crueuanoun
877 412 942 503 ru
964 364 1305 508 corruamus
1319 408 1528 517 arctois.
1585 452 1664 551 ,4,-

301 614 453 685 ueniunt.
506 603 633 679 Eadem
649 624 760 677 autem
778 599 925 675 formula
940 610 1062 694 oritur,
1077 604 1181 681 fidu²
1191 610 1342 707 JRRAM
1356 610 1410 684 sen
1421 600 1661 708 [ΔΜᾸΜΨ
1745 635 1762 648 κ
1831 615 1834 631 ·

301 708 460 787 reddatur
477 713 675 794 minimum,
705 712 741 778 in
756 732 823 807 qua
838 731 917 777 cum
936 707 1013 782 uda
1033 707 1173 783 denotet
1193 710 1399 784 celeritatem
1414 714 1569 789 elementi
1585 720 1661 802 AM,

301 806 446 991 {51}qu
459 812 537 988 frig.
556 809 687 883 nudi-2
708 815 778 905 ejur
795 812 865 881 uim
884 813 995 881 vivam
1015 818 1063 883 uti
1084 832 1249 899 voratur,
1274 816 1356 886 bine
1370 814 1558 916 colligimus
1577 818 1661 892 illud

301 924 304 937 '
357 942 430 1019 gne
494 934 671 1025 foretne,
704 966 708 975 .

778 1088 1124 1185 resonent.
1175 1101 1209 1173 e.

407 1251 483 1336 637.
510 1246 544 1316 Si
564 1265 686 1340 corpus
704 1237 853 1343 rigidum
869 1233 1042 1341 quiescens
1059 1233 1254 1313 sollicitetur
1276 1266 1293 1312 a
1316 1250 1349 1315 vi
1372 1272 1588 1353 quacunque,
1611 1261 1656 1327 ei·
1750 1308 1754 1315 -

301 1374 362 1453 pne
382 1343 517 1444 insuper
536 1351 571 1415 in
594 1362 713 1415 centro
730 1348 870 1414 inertiae
885 1340 1046 1442 applicata
1062 1338 1102 1412 lit
1122 1347 1170 1413 vis
1187 1369 1224 1414 ae
1251 1343 1331 1416 ualis
1355 1369 1389 1418 et
1413 1361 1601 1433 contraria,
1627 1362 1658 1430 ei

301 1458 392 1535 :irca
410 1442 579 1542 ejusmodi
602 1470 699 1517 axem
724 1470 783 1544 per
806 1462 961 1517 centrum
985 1447 1126 1515 inertiae
1152 1368 1378 1519 tranleuurem
1398 1459 1508 1549 primo
1529 1457 1661 1531 inflanti

302 1572 409 1626 notus
424 1553 616 1651 gyratorius
632 1552 874 1646 imprimetur,
900 1562 937 1617 ut
956 1562 1068 1615 totum
1091 1570 1214 1644 corpus
1234 1546 1312 1619 inde
1339 1557 1512 1627 minimam
1539 1557 1659 1658 adipis·

301 1676 390 1729 rattrr
409 1658 476 1723 vim
495 1657 631 1739 vivam,
658 1675 742 1749 quae
762 1647 807 1721 cll
824 1665 1044 1749 aggregatum
1065 1652 1220 1719 omnium
1240 1647 1490 1729 elementorum
1509 1684 1569 1757 per
1582 1686 1661 1760 qua·

301 1754 391 1831 lrata
406 1752 617 1828 celeritatum
636 1747 767 1835 suarum
789 1747 1023 1849 acquisitarum
1046 1745 1360 1849 multiplicaturum.

567 1924 573 1933 '
680 1915 1283 1993 DEMONSTRATIO.

411 2056 612 2228 ffuicunque
638 2052 729 2121 enim
754 2049 822 2116 axis
847 2070 907 2147 per
934 2062 1090 2116 centrum
1114 2048 1252 2116 inertiae
1289 2043 1446 2119 tranliens
1470 2051 1662 2147 accipiatur,

301 2168 366 2259 ejus
388 2183 426 2230 re
442 2156 539 2258 pediu
554 2160 604 2227 vis
621 2146 791 2252 propolita
811 2150 841 2218 V
865 2164 998 2219 certum
1021 2146 1188 2217 obtinebit
1213 2169 1428 2220 momentum
1450 2149 1542 2251 quod
1564 2149 1663 2250 fiVf,

305 2288 372 2337 run
392 2284 475 2332 vero
495 2263 593 2329 etiam
615 2278 737 2351 corpus
761 2254 830 2344 ejus
854 2245 1007 2348 relpcdlu
1034 2266 1165 2318 certum
1190 2246 1354 2320 obtinebit
1378 2271 1590 2323 momentum
1607 2260 1658 2325 in·

301 2350 418 2450 ntiae,
436 2356 529 2461 quod
542 2356 580 2431 fit
593 2353 782 2455 :fundu
796 2375 804 2421 ε
819 2373 1000 2449 utrumque
1014 2344 1179 2421 alituaxis
1191 2342 1318 2421 effucari
1327 2348 1495 2449 pendcns3
1515 2356 1658 2439 lrincau·

301 2544 370 2597 :em
390 2509 601 2613 tempusculo
617 2508 656 2581 dr
669 2503 883 2609 generabitur
901 2505 990 2591 circa
1004 2500 1095 2573 hunc
1108 2526 1204 2572 axem
1220 2498 1358 2601 angulus
1372 2504 1421 2575 du
1436 2538 1473 2572 =
1487 2450 1651 2556 Q

1065 2633 1213 2712 eVsgdt

301 2706 328 2779 tl
346 2702 498 2777 celeritas
518 2696 683 2797 angularis
701 2692 834 2764 infinite
848 2713 947 2788 parva
963 2715 986 2765 e
1000 2719 1040 2757 =
1054 2706 1249 2823 M:
1284 2686 1373 2759 unde
1405 2687 1564 2761 elementi
1592 2694 1658 2765 ΑΜ

301 2842 337 2911 rb
354 2866 415 2911 axe
433 2830 613 2906 intervallo
628 2864 668 2901 =
687 2830 716 2903 R
733 2828 880 2900 dillantis
903 2823 1053 2897 celeritas
1075 2821 1114 2894 fit
1136 2824 1268 2911 2112,
1297 2821 1441 2926 ideoque
1462 2832 1511 2901 vis
1530 2835 1601 2900 viva
1618 2838 1656 2905 ε’

301 2940 478 3013 R232dM.
542 2936 669 3006 Torius
684 2956 773 3033 ergo·
785 2932 939 3033 eorporis
954 2931 1003 2994 vis
1026 2930 1100 2996 viva
1119 2925 1328 3025 ternpurculo
1349 2927 1480 3003 infinite
1492 2958 1602 3045 paruo
1618 2934 1658 3008 dr

301 3087 455 3194 {equilita
475 3088 539 3160 crit
562 3116 600 3153 =
618 3084 817 3184 88JR²dM
832 3022 1158 3215 :W
1171 3064 1193 3164 ,Ι
1206 3104 1289 3183 quae
1315 3080 1360 3155 ob
1377 3085 1408 3152 V
1417 3112 1452 3185 g,
1470 3103 1504 3158 et
1517 3085 1556 3160 dt
1573 3082 1653 3159 eon·
1702 3125 1705 3135 ·

301 3268 382 3349 nans
404 3281 467 3348 crit
486 3278 692 3362 minimum,
718 3272 933 3411 lim
955 3264 1114 3341 reddatur
1144 3270 1349 3356 minimum,
1388 3288 1486 3370 atque
1515 3298 1555 3344 ex
1590 3274 1650 3345 lrac

301 3413 495 3486 conditione
511 3412 630 3510 positio
646 3418 713 3485 axis
731 3409 983 3484 determinetur.
1031 3409 1123 3480 Hinc
1139 3421 1248 3477 autem
1269 3402 1384 3478 eadem
1400 3413 1466 3497 aris
1489 3405 1648 3487 deterrui.

301 3524 392 3587 natio
407 3512 568 3610 resultat,
594 3540 693 3615 quem
711 3534 788 3611 ante
802 3516 993 3586 invenimus
1011 3530 1020 3582 t
1047 3514 1093 3580 ita
1118 3526 1154 3580 ut
1177 3532 1217 3579 ex
1230 3506 1305 3599 ,hoc
1327 3512 1496 3611 principio
1514 3514 1645 3583 minimi

301 3616 415 3690 eadem
434 3610 558 3689 solutio
582 3621 655 3689 erui
680 3606 850 3723 potuiss'et,
1631 3626 1633 3631 '

819 3780 1139 3887 scnorrou.

398 3943 471 4029 638,
496 3930 596 4029 Quod
618 3931 659 4009 ad
681 3932 777 4009 usum
799 3930 974 4009 solutionis
993 3954 1070 4007 ente
1089 3941 1245 4011 inventae
1269 3940 1414 4023 attinet,
1448 3938 1514 4012 boc
1536 3940 1643 4016 adhue

301 4041 398 4133 {ituit
416 4037 462 4110 cll
484 4037 690 4127 molestum,
721 4035 816 4139 quod
835 4060 1031 4207 unaquapue
1053 4041 1087 4107 vi
1112 4033 1308 4111 sollicitante
1333 4033 1462 4112 indoles
1488 4040 1642 4142 corporis

301 4136 342 4213 fid
362 4138 545 4238 peculiares
562 4138 774 4213 coordinaras
789 4142 940 4209 reuocari
986 4138 1089 4209 ebear.
1139 4142 1203 4211 Cui
1217 4138 1438 4214 incommodo
1455 4143 1642 4219 remedium

301 4234 440 4313 effertur
457 4265 568 4339 perca
585 4267 668 4340 quae
687 4237 841 4340 saprade
858 4238 972 4311 aribus
988 4236 1220 4337 principalibus
1237 4247 1395 4343 cujusque
1412 4254 1564 4344 corporis
1580 4243 1641 4316 do·

301 4348 461 4437 rannus,
493 4367 640 4440 quorum
664 4340 814 4443 respedln
834 4340 861 4413 li
880 4357 1053 4411 momenta
1071 4346 1208 4417 inertiae
1231 4337 1334 4414 semel
1350 4341 1475 4414 fuerint
1496 4354 1642 4438 inventa,

301 4428 460 4521 ⁸heillinre
474 4440 554 4517 iude
567 4441 887 4546 resperlunrnniruu
902 4438 1047 4516 eliomm
1061 4448 1173 4518 crium
1189 4441 1304 4544 colligi
1322 4438 1467 4543 poliunt.
1533 4449 1643 4545 Atque

952 4545 1010 4614 ·1i
1371 4554 1386 4569 ‘
1543 4552 1644 4619 etiarn
