4092 5134
299 360 307 380 ’
372 430 428 509 ⁶0
494 444 498 449 ·
601 506 606 511 ,
867 415 1098 506 carue
1146 411 1282 545 ru.¹

376 646 462 691 vera.
514 621 812 713 Comparationem
829 616 882 683 hic
899 611 1036 711 quidem
1052 630 1179 683 tautum
1200 610 1416 703 inslituimus,
1442 607 1526 708 quae
1551 617 1637 698 inter
1655 609 1726 712 spa·

376 720 454 792 tiola
474 718 544 807 illa,
573 741 606 791 et
622 725 708 788 vires
725 736 756 787 et
773 709 886 784 ruallus
903 713 1104 802 intercedit,
1129 742 1246 786 verum
1263 707 1446 785 notandum
1465 714 1531 810 cll,
1556 720 1643 786 iuter
1663 719 1726 788 lut·

376 819 520 917 jusmodi
546 825 741 919 quantitates
773 819 1011 915 heterogeneas
1039 817 1164 887 trullum
1199 813 1512 901 determinationem
1542 811 1725 889 absolutam

376 925 525 996 conllitui
543 915 654 1015 polle,
680 945 788 1017 neque
808 918 862 987 hic
880 918 976 987 aliter
992 915 1032 987 ad
1051 913 1218 1011 tuensuras
1232 914 1393 988 absolutas
1421 923 1611 1018 qertingcre
1635 918 1725 1007 licet,

374 1025 436 1097 nist
453 1041 487 1094 ut
504 1016 638 1093 effeetus
655 1020 790 1118 quidam
807 1024 842 1087 in
860 1016 988 1088 mundo
1004 1014 1196 1089 obseruatus
1217 1046 1279 1114 pru
1297 1022 1435 1117 cognito
1459 1013 1654 1105 assumatur,
1679 1042 1728 1093 at·
1764 1070 1766 1077 ·

374 1152 440 1225 que
461 1118 500 1193 ad
525 1148 601 1193 eum
624 1141 779 1219 tauquam
801 1116 840 1188 ad
865 1125 1029 1190 unitatem
1054 1119 1173 1219 reliqui
1195 1114 1330 1189 effeslus
1363 1144 1482 1191 omnes
1510 1140 1728 1212 revocentur,

376 1223 467 1327 quod
495 1219 671 1324 quomodo
698 1217 967 1292 couunodissuue
993 1222 1067 1292 sieri
1089 1240 1206 1321 queat,
1223 1226 1257 1290 in
1274 1216 1485 1319 sequentibus
1504 1220 1602 1293 susus
1618 1224 1727 1297 oslen-

352 1328 499 1396 'deruus¹
538 1328 541 1335 ’
560 1328 720 1396 Ceterum
744 1327 820 1393 ltine
844 1321 998 1393 nonduut
1020 1343 1120 1420 patet,
1139 1320 1314 1421 quomodo
1339 1315 1474 1392 essee‘lus
1493 1331 1616 1394 virium
1636 1323 1668 1397 se
1686 1326 1726 1398 sn

376 1428 568 1510 habiturus,
604 1421 738 1525 quaudo
771 1425 972 1519 tempuscula
1002 1419 1127 1494 suerint
1150 1422 1348 1521 inaequalia3
1382 1450 1490 1523 neque
1524 1430 1614 1496 eninr
1646 1426 1738 1501 licet

375 1532 455 1599 hinc
486 1555 502 1595 n
527 1526 736 1626 tempusculo
766 1522 876 1623 elapso
901 1524 1009 1598 dead
1039 1524 1284 1622 tempusculum
1317 1521 1453 1622 sequens
1478 1527 1526 1599 dt
1551 1526 1725 1629 progredi,

373 1635 449 1729 quia
466 1627 701 1724 corpusculum
721 1627 762 1695 ob
779 1647 910 1696 rnottun
928 1631 1031 1723 priori
1052 1624 1260 1724 tempusculo
1277 1646 1475 1724 conceptum
1492 1634 1556 1720 jam
1574 1630 1617 1699 nb
1635 1634 1726 1701 iner-

377 1737 457 1801 tiam
468 1724 625 1828 sequente
643 1728 853 1824 ternpusculo
870 1727 1003 1827 aliquod
1017 1724 1035 1795 s
1045 1730 1192 1803 atioluru
1214 1727 1418 1813 conficeret,
1443 1734 1496 1801 eui
1517 1727 1654 1801 demtum
1678 1730 1728 1828 id,

375 1827 500 1932 quoda
519 1837 551 1899 vi
569 1828 787 1928 producitur,
814 1825 893 1900 esset
909 1757 1109 1901 addeudlun.
1159 1810 1271 1928 Qarl
1296 1857 1338 1901 ne
1360 1833 1440 1901 hinc
1460 1830 1590 1905 noslrae
1613 1828 1727 1906 deter-

374 1937 577 2004 minationes
592 1927 828 2029 praecedentes
844 1932 1081 2018 turbarentur,
1103 1930 1307 2029 tempuscula
1324 1938 1437 2002 outuia
1453 1939 1542 2004 iuter
1557 1932 1589 2007 se
1603 1961 1723 2036 aequa·

376 2034 415 2105 lia
433 2028 653 2130 slsurusuuus,
685 2061 792 2133 neque
809 2039 908 2105 etiam
926 2040 1088 2131 temporis
1105 2038 1192 2105 ratio
1210 2035 1322 2105 habeti
1341 2034 1466 2132 potell,
1492 2035 1552 2107 nisi
1572 2036 1723 2111 celeritas

376 2140 512 2227 corpori
530 2141 595 2229 jaut
613 2144 676 2225 jam
694 2130 847 2233 impressa
867 2135 1116 2223 cortfideretur,
1145 2162 1244 2235 quam
1262 2138 1548 2235 investigationem
1567 2136 1728 2240 sequente

373 2235 580 2335 problemate
599 2234 821 2334 suscipiemus.
880 2241 970 2308 Hinc
995 2259 1105 2310 autent
1130 2235 1267 2307 vicissim
1291 2264 1347 2323 ea,
1375 2262 1461 2337 quae
1478 2240 1636 2317 haslenus
1655 2246 1728 2317 fine

373 2334 524 2439 respeslu
540 2337 581 2411 ad
596 2341 804 2413 celeritatem
819 2340 933 2411 habito
952 2336 1027 2412 sunt
1039 2338 1187 2439 prolata,
1213 2338 1475 2431 illustrabuntur.

797 2520 1308 2611 euenerun.s

470 2666 546 2742 162,
570 2666 602 2735 Si
619 2667 854 2765 corpusculum
876 2669 1045 2740 celeritate
1061 2694 1259 2769 quacunque
1278 2686 1464 2756 moueatur,
1477 2665 1637 2768 simulque
1654 2697 1673 2741 a
1690 2677 1727 2745 vi

369 2758 550 2836 secundum
565 2787 677 2839 motus
696 2765 741 2861 sui
759 2768 979 2842 direcliouenr
1001 2767 1214 2858 sollicitetur,
1246 2767 1388 2846 delinire
1410 2777 1631 2843 mutationem
1645 2792 1724 2848 nro'·

369 2886 580 2939 mentaueam
597 2876 634 2939 in
650 2878 717 2964 ejus
736 2891 832 2945 motu
846 2892 878 2944 et
895 2873 1062 2944 celeritate
1079 2871 1292 2971 produslam.

883 3043 1176 3114 SOLUTIO.

216 3192 342 3297 ΕΜ,
468 3186 518 3254 Sit
554 3183 707 3258 Arnassa
750 3188 958 3291 corpusculi,
1004 3186 1098 3289 quod
1133 3210 1311 3263 moveatur
1349 3184 1530 3262 secundum
1563 3187 1726 3264 direslio-

368 3308 446 3353 nern
465 3288 518 3355 AB
534 3286 703 3360 celeritate
721 3324 759 3358 =
777 3319 814 3386 v,
838 3318 900 3393 qua
917 3290 959 3360 ob
979 3293 1135 3361 inertiam
1151 3314 1314 3390 perpetuo
1339 3290 1554 3367 uniformiter
1578 3300 1610 3363 in
1635 3288 1726 3364 dire·

369 3384 458 3455 sium
483 3381 562 3458 esset
584 3387 858 3491 progressurum,
885 3389 945 3463 nisi
972 3397 1040 3462 avi
1064 3414 1199 3466 externa
1220 3390 1464 3470 sollicitaretur.
1539 3393 1674 3466 Scilicet
1697 3393 1725 3469 sr

369 3505 523 3585 tempore
539 3522 576 3557 =
592 3513 605 3563 t
622 3490 830 3593 descripserit
846 3492 985 3593 spatium
1004 3496 1057 3565 AS
1071 3528 1108 3563 =
1124 3526 1163 3584 s,
1188 3492 1330 3596 indeque
1348 3493 1557 3597 tentptrsculo
1576 3497 1601 3570 d
1607 3519 1623 3570 r
1643 3523 1723 3596 per·

366 3655 422 3737 gat
443 3665 505 3738 per
531 3638 708 3740 spatioltuu
722 3647 772 3715 .Ss
794 3677 831 3712 =
852 3645 913 3733 ds,
944 3594 1074 3762 eritg-st·
1105 3647 1172 3747 ejus
1195 3648 1344 3723 celeritas
1369 3656 1404 3723 in
1424 3654 1460 3739 S,
1486 3677 1668 3751 nempe:
1687 3678 1722 3741 rr,

859 3779 914 3836 dds·

366 3854 448 3929 quae
465 3858 541 3903 cum
557 3830 764 3919 sltconslans,
779 3830 837 3904 fret
859 3868 915 3948 ᾗ
940 3865 977 3900 =
994 3832 1077 3923 0,sr
1094 3828 1184 3907 nul-la
1209 3832 1343 3913 affuerit
1363 3843 1423 3917 vis.
1473 3844 1637 3913 Ponamus
1654 3869 1722 3935 att·

365 3986 446 4053 tem,
472 3963 706 4067 corpusculum
727 3963 807 4037 dum
827 3997 866 4039 ex
892 3973 912 4041 S
940 3971 1112 4075 egreditur
1136 3971 1307 4050 sollicitari
1330 3983 1396 4049 avi
1422 4012 1462 4047 =
1489 4002 1513 4080 p
1536 3976 1721 4051 secuudum

364 4065 467 4166 ipsam
488 4088 601 4140 motus
625 4063 846 4142 diteslionem
871 4076 940 4146 SB:
992 4097 1093 4177 atque
1113 4076 1248 4151 evidens
1262 4079 1318 4168 esl,
1336 4096 1468 4152 nroturn
1488 4107 1556 4154 non
1580 4080 1730 4182 amplius·

1559 4184 1610 4241 dds

1559 4270 1611 4351 {fi
1647 4261 1721 4307 non

364 4356 426 4424 erit
445 4352 554 4455 nihilo
571 4357 727 4458 aequalis,
758 4356 813 4465 sed
831 4361 982 4434 valorem
1001 4362 1167 4465 quendam
1188 4368 1320 4464 habebit
1335 4368 1527 4465 positivum,
1554 4380 1718 4475 quoniam

360 4458 409 4527 vis
436 4451 615 4533 sollicitans
647 4479 744 4562 auget
766 4462 984 4554 celeritatem,
1002 4470 1039 4538 in
1062 4461 1251 4543 directione
1267 4471 1352 4545 nihil
1366 4493 1509 4551 rttutons.
1587 4480 1720 4551 Verum

1637 4583 1717 4680 quia

363 4214 572 4287 unisonuern
589 4210 654 4288 esse
669 4214 834 4313 futurum,
853 4219 909 4297 sed
925 4224 1145 4300 acceleratum
1163 4235 1220 4321 iri,
1244 4258 1285 4302 ex
1299 4258 1367 4332 quo
1383 4228 1530 4309 formula
