4092 5134
457 404 595 537 ’ἵ-Ϊ-
712 290 1138 487 “elei-'well'
1204 406 1309 487 ‘i'
1420 500 1424 507 .
1634 334 1719 519 '457

329 764 459 929 'DE
521 822 735 931 MOTU
781 817 1261 949 -PROGRESSlVO
1297 802 1712 943 'CORPORUM
1823 918 1828 927 -
1869 742 1874 753 1

498 1064 501 1071 ,
532 978 804 1075 onAanM
823 978 876 1077 'A
904 980 1217 1069 Furcrtonu
1251 987 1545 1115 urrunnu.

1506 538 1515 569 i

771 1202 774 1211 '
822 1224 1176 1303 ruentem.
1224 1249 1254 1295 2.

373 1456 375 1461 .
427 1374 436 1387 ⁵
464 1402 535 1479 981:
562 1318 618 1467 Si
639 1374 763 1487 corpus
781 1412 884 1489 greve
900 1380 1005 1486 ¹snper
1025 1386 1127 1487 plano
1153 1390 1359 1463 horizontali
1383 1412 1477 1467 motu
1500 1401 1709 1501 progressive

357 1482 513 1589 incedat,
541 1488 772 1563 determinare
781 1506 892 1562 motus
910 1484 1172 1585 retardationem
1185 1516 1204 1559 a
1217 1487 1376 1567 sridlione
1395 1496 1587 1598 oriundam.

850 1640 1212 1737 'sor'urru

387 1852 389 1857 ,
457 1781 505 1850 Sit
521 1780 562 1850 M
578 1772 860 1879 corp'oris'malla
883 1777 1040 1880 idemque
1065 1786 1134 1875 ejus
1157 1783 1317 1885 pondus,
1338 1788 1429 1887 quod
1455 1790 1589 1889 planum
1611 1796 1882 1906 ll⁰fl·Fig.'127.'

334 1879 485 1961 ,zontnle
508 1884 564 1951 EF
586 1902 696 1980 tangat
722 1879 786 1951 basr
814 1875 869 1951 lna
890 1884 945 1951 ΑΒ
974 1906 1119 1981 ,qtram
1147 1893 1273 1983 pariter
1294 1886 1427 1986 planam
1461 1888 1525 1965 effe
1558 1918 1707 1994 oportet.

357 1980 595 2053 Conlld'eretnr
610 1988 763 2080 corporis
784 1998 940 2051 centrum
957 1985 1170 2071 inertian,
1197 1991 1232 2056 in
1251 2014 1319 2085 quo
1337 1996 1406 2082 ejus
1421 1992 1553 2091 pondus
1576 2002 1617 2069 M
1633 1996 1704 2068 col*-
1760 2002 1764 2011 '

316 2136 319 2141 .
356 2080 479 2155 ledlum
507 2088 738 2178 concipiatur,
777 2087 819 2151 ita
843 2102 879 2151 ut
904 2107 1025 2180 corpus
1046 2078 1204 2157 deorsum
1231 2082 1428 2161 sollicitetur
1454 2100 1487 2163 vi
1511 2097 1567 2167 ΟΡ
1587 2134 1627 2167 =
1649 2102 1705 2196 M,

330 2270 332 2281 Ι
355 2208 440 2285 quae
456 2210 533 2253 cum
548 2184 587 2255 nd
605 2183 739 2281 planum
756 2184 812 2252 EF
826 2179 865 2251 fit
886 2184 1074 2271 normalis,
1099 2204 1187 2257 tanta
1208 2214 1344 2288 quoqne
1367 2197 1401 2262 vi
1425 2190 1465 2262 ad
1488 2193 1624 2292 planum
1648 2226 1704 2298 ap·

355 2291 516 2385 primitur
540 2311 550 2361 z
594 2286 648 2353 ubi
666 2291 811 2381 primum
835 2279 1007 2371 observo,
1048 2283 1111 2357 nisr
1130 2287 1221 2357 tedia
1243 2291 1308 2382 ΟΡΙ
1325 2296 1412 2362 intre
1441 2304 1592 2392 eorporis
1613 2300 1702 2372 bafin

353 2389 420 2459 AB·
438 2383 563 2473 cad-ut,
603 2406 735 2455 motum
756 2381 1001 2481 progreffivum
1033 2376 1097 2455 else
1127 2383 1324 2485 nongpolle,
1407 2394 1536 2469 Verum
1562 2424 1607 2469 ne
1633 2402 1701 2471 hoe
1808 2434 1811 2439 ·

342 2484 492 2587 quidem
517 2483 661 2573 sullicit,
693 2513 771 2555 cnm
792 2490 883 2554 enim
906 2480 1146 2585 progrediente
1166 2481 1312 2587 corpore
1336 2484 1518 2565 secuudum
1542 2495 1701 2572 diredlio·

302 2624 305 2629 ·
343 2614 434 2667 ¹nem
449 2590 499 2659 BF
523 2585 556 2657 id
577 2584 757 2659 secundum
773 2582 995 2656 diredlionem
1010 2594 1216 2663 contrariam
1234 2592 1290 2659 BE
1310 2591 1354 2660 ob
1378 2588 1573 2667 srie‘lionern
1596 2619 1704 2671 retra·

352 2692 450 2762 hu'tur
466 2692 498 2758 vi
508 2722 546 2758 2:
560 2687 647 2777 Ν,
673 2689 852 2760 denotante
871 2709 906 2782 13
935 2672 1136 2767 dratiouem
1151 2686 1325 2787 prellton'is
1339 2687 1381 2761 ad
1394 2690 1609 2784 fridlionem,
1621 2701 1705 2771 haee

305 2794 308 2799 ’
352 2798 403 2863 vis
422 2810 562 2861 conatur
578 2796 717 2887 corpori
733 2806 866 2859 motum
883 2783 1093 2887 gyratorinm
1110 2794 1198 2860 circa
1212 2792 1463 2881 horizontaleru
1484 2822 1578 2869 axem
1594 2826 1654 2897 per
1670 2803 1704 2869 0
1802 2820 1806 2837 ¹

336 2888 581 2965 transeuntem
603 2888 761 2965 inducere
777 2887 795 2977 ,'
814 2896 906 2983 cujus
926 2907 1139 2961 momentum
1162 2890 1208 2962 ett
1227 2894 1266 2956 ὲ·-
1290 2878 1363 2969 dni
1405 2898 1471 2969 OP.
1535 2904 1600 2970 Cui
1623 2906 1656 2970 vi
1678 2898 1704 2972 fi

296 3018 301 3035 ’
351 3019 474 3092 corpus
499 2990 735 3092 obsequatur,
770 2997 882 3089 primo
907 2991 1040 3063 inllanri
1065 2989 1144 3062 bolis
1167 2993 1332 3091 pundlum
1355 2996 1387 3066 A
1410 2996 1533 3070 elevari
1554 3006 1705 3098 incipiet,

298 3106 322 3165 “.
350 3102 396 3171 ita
412 3113 448 3165 nt
467 3102 529 3187 jam
546 3115 656 3164 totum
671 3118 792 3191 corpus
809 3098 1014 3164 extremitati
1031 3091 1110 3173 basis
1129 3096 1153 3162 B
1169 3097 1355 3191 innitatur,
1383 3124 1452 3195 quo
1469 3106 1567 3173 etiam
1606 3099 1704 3173 reffio

351 3192 581 3270 transferetur.
605 3198 645 3266 In
662 3197 728 3263 hoc
746 3212 829 3292 ergo
847 3192 976 3267 ssatuad
990 3190 1178 3295 gyrandum
1193 3196 1336 3293 proclivi
1348 3224 1468 3297 corpus
1486 3206 1521 3270 in
1539 3131 1704 3273 Blesum
1742 3246 1747 3259 ·

321 3302 335 3313 ’“
350 3303 467 3397 urgeri
485 3295 689 3369 censendum
706 3294 751 3367 ell
768 3300 802 3365 vi
816 3297 883 3367 ΒΜ
898 3319 936 3357 =
951 3297 1013 3395 M,
1030 3294 1119 3368 unde
1133 3317 1349 3368 momentum
1364 3306 1534 3399 gyrationi
1551 3300 1702 3373 resistens

350 3398 548 3473 nascitur:
566 3401 617 3477 Μ.
643 3400 718 3472 BP't
744 3393 910 3496 quodnisi
929 3391 1062 3493 superet
1078 3394 1167 3468 illud
1191 3401 1265 3490 Μ.
1279 3401 1347 3486 ΟΡ,
1364 3427 1486 3501 corpus
1509 3429 1625 3475 revera
1643 3428 1706 3501 gy·

351 3507 419 3574 rari
439 3506 586 3596 incipiet.
638 3501 750 3592 Quare
768 3501 915 3569 eurohic
929 3514 1206 3596 tantummotnm
1220 3498 1463 3600 progress'rvum
1480 3504 1703 3603 contemplari

349 3602 578 3697 statuerimus,
594 3603 683 3677 ¹haec
698 3595 850 3671 conditio
868 3593 1002 3697 insuper
1013 3605 1224 3702 requiritur,
1251 3621 1287 3672 ut
1303 3600 1342 3673 lit
1357 3607 1458 3685 BP>
1473 3593 1502 3679 d.
1516 3607 1583 3692 ΟΡ,
1600 3632 1702 3705 qnam

350 3732 435 3807 ergo
452 3706 507 3775 hic
522 3701 635 3775 locum
652 3702 774 3772 habere
790 3696 1001 3776 assumamus.
1059 3706 1174 3773 Fuerit
1200 3728 1283 3801 ergo
1301 3707 1399 3775 initio
1415 3706 1702 3805 corporir'eeleri·

350 3828 399 3879 tas
419 3802 599 3876 secundum
615 3802 838 3877 diredlionenr
852 3807 909 3874 EF
926 3828 999 3878 :e
1017 3856 1029 3897 ,
1054 3822 1088 3874 et
1105 3797 1387 3901 elaplo'tempore
1400 3826 1418 3877 t
1433 3800 1618 3881 confecerit
1633 3805 1702 3905 spa-

350 3916 542 4009 tium-ze,
563 3909 746 4006 habeatque
756 3905 964 3977 celeritatem
980 3930 1019 3967 =
1039 3932 1072 3978 v.
1122 3908 1233 4004 Atque
1254 3904 1387 3981 obvim
1407 3898 1470 3981 dM
1491 3914 1600 3981 motui
1618 3935 1699 3981 con-

348 4100 484 4168 trariam
501 4098 566 4165 erit
588 4034 736 4161 R:
764 4028 988 4157 fla
1040 4092 1224 4197 ,ideoque
1243 4122 1266 4170 o
1285 4124 1324 4163 =
1347 4124 1424 4183 c,-
1447 4096 1531 4199 agdt.
1595 4100 1705 4173 Porro

352 4186 358 4199 '
585 4180 679 4271 zgdr
803 4175 852 4266 M,

350 4310 430 4405 quia
449 4302 493 4377 eli
510 4282 549 4373 dr
567 4330 604 4366 =
621 4300 680 4374 adt
697 4357 707 4387 ,
728 4298 786 4371 fiet
800 4318 817 4369 r
829 4325 868 4364 ι·-
879 4286 1045 4395 ct-dgtt.
1095 4300 1215 4373 Motus
1230 4321 1343 4373 autem
1359 4294 1484 4371 tamdiu
1501 4312 1629 4367 tantum
1644 4291 1707 4364 du·'

351 4406 463 4494 rabit,
486 4400 605 4506 quoad·
615 4429 737 4505 corpus
749 4398 795 4507 ¹ad
807 4406 956 4504 quietem
967 4388 1076 4581 llpperit
1092 4398 1290 4493 redonum,
1314 4383 1549 4503 sridliouedM
1564 4391 1704 4568 rumblu.

1015 4530 1094 4579 rnrn
1656 4513 1706 4571 rto
