4092 5134
460 270 479 310 Q
517 280 525 295 ε

260 396 339 509 oi:
350 418 550 544 cnusrs
565 398 776 515 Morus
790 426 1079 522 uxruams
1095 436 1203 524 suu
1217 438 1466 579 vintrus„
1487 358 1540 558 ᾗ·

180 618 261 692 culo
270 618 315 689 ²:-
334 620 378 693 dt
394 612 597 723 propulsum
613 628 653 693 iri
677 640 737 723 pet
762 619 937 723 sprtiolum
961 662 998 697 =
1017 629 1109 702 du.-
1152 635 1239 705 Cum
1258 633 1376 705 'autem
1400 663 1536 735 corpus·

179 721 294 795 culum
313 726 373 793 nb
396 731 463 794 avi
481 759 520 793 =
545 749 596 827 np
618 726 831 825 tempuscula
853 729 901 800 dt
925 731 1131 830 propellatur
1147 759 1206 833 per
1221 731 1397 831 spatiolum
1413 741 1532 835 :deq
1581 827 1585 835 .

177 850 240 925 per
254 822 455 898 Theorema
471 823 684 924 praecedens,
699 825 789 900 idem
799 830 1036 928 corpusculum
1055 838 1113 904 nA
1131 861 1148 903 a
1163 841 1196 906 vi
1220 868 1257 904 =
1275 863 1298 939 p
1320 834 1534 910 sollicitatum

178 1006 392 1110 tempusculo
420 1010 464 1083 dt
492 1011 748 1107 promovebitur
770 1038 831 1112 per
858 1008 1033 1110 spatiolum
1067 1046 1104 1080 =
1127 967 1201 1147 df:
1234 1015 1397 1113 similique
1427 1018 1532 1094 modo

163 1157 415 1261 ¹corpusculum
430 1165 499 1235 md
517 1161 555 1232 ab
570 1148 687 1235 cadem
704 1171 735 1235 vi
751 1168 790 1232 ='
794 1187 819 1267 p
836 1159 1046 1237 sollicitatum
1055 1171 1129 1266 pari
1146 1171 1358 1270 tempusculo
1381 1172 1407 1244 d
1412 1193 1427 1244 t
1452 1196 1531 1271 pro·

176 1345 371 1419 movebitur
388 1372 447 1445 per
465 1339 638 1443 spatiolum
654 1378 693 1415 ::
717 1300 789 1479 ς,
818 1345 904 1420 unde
921 1366 1010 1449 patet
1027 1351 1108 1423 haec
1129 1336 1284 1453 spatiola,
1308 1352 1425 1454 quibus
1450 1350 1531 1429 effe·
1593 1400 1599 1417 ·-

472 1533 523 1590 du
618 1532 668 1588 du

176 1580 252 1671 Qus
268 1586 442 1671 metimur,
471 1621 521 1711 Τ
554 1603 586 1652 et
619 1621 670 1713 -ηῖ
699 1576 762 1652 ess'e
786 1588 873 1653 iuter
890 1578 923 1656 se
947 1588 1134 1684 reciproce,
1150 1604 1185 1657 ut
1202 1585 1399 1686 corpuscula
1415 1592 1475 1661 ull
1497 1608 1531 1662 et

498 1679 507 1712 b

176 1722 347 1820 mrl‚⁸seu
367 1754 538 1807 uteorum
563 1739 712 1806 inertiae.

657 1899 881 1974 EXPLIC
891 1905 921 1972 A
943 1904 1002 1973 Tr
1016 1903 1051 1973 0.

256 2036 259 2045 ·
281 2024 342 2094 ¹52·
368 2004 456 2073 Cum
475 2000 712 2100 corpusculum
728 2003 757 2069 Α
774 2018 897 2070 certam
912 2001 1027 2072 habeat
1041 2004 1197 2073 inertiam
1207 2058 1229 2099 ,-
1242 2028 1306 2103 qua
1323 2001 1460 2080 effcdus
1482 2014 1531 2081 vit
1558 2024 1569 2043 ⁸

178 2100 216 2177 id
231 2095 436 2176 sollicitantis
454 2099 715 2189 determinatur,
738 2097 808 2172 duo
823 2099 989 2197 ejusmodi
1002 2102 1199 2202 corpuscula
1216 2107 1362 2204 aequalia
1375 2112 1410 2181 in
1427 2136 1533 2182 unum

179 2200 398 2279 coalescentia
427 2206 627 2279 exhibebunt
656 2202 892 2302 corpusculum
930 2203 1029 2302 dupla
1056 2210 1176 2277 inertia
1214 2206 1423 2299 praedirum,
1470 2219 1532 2305 tria

179 2305 373 2405 triplum,'et
389 2314 432 2378 ita
447 2308 572 2407 porro.
628 2311 677 2377 nc
693 2302 828 2375 vicissim
844 2302 878 2376 id
894 2306 1131 2406 corpusculum
1145 2303 1249 2405 duplo
1264 2319 1428 2406 majorem
1444 2304 1535 2385 iuer·

168 2416 262 2495 ¹tiam
279 2411 399 2482 habere
417 2405 673 2510 intelligendum
690 2405 753 2493 est,
777 2404 817 2476 ad
832 2405 924 2508 quod
938 2436 1000 2508 per
1015 2406 1129 2480 datum
1147 2403 1322 2506 spatiolum
1347 2411 1426 2486 dato
1450 2435 1533 2488 tem·

144 2566 146 2571 -
179 2510 321 2612 pusculo
350 2509 608 2611 propellendum
640 2515 820 2611 requiritur
855 2516 904 2581 vis
941 2506 1050 2609 dupla.
1102 2507 1204 2584 Unde
1238 2512 1448 2588 ruanisessum
1477 2517 1535 2604 est,

180 2609 359 2714 quomodo
379 2619 500 2685 inertia
527 2613 567 2684 ad
583 2627 687 2710 genus·
704 2617 927 2709 quantitatum
943 2611 1128 2698 referatur,
1164 2632 1198 2684 et
1213 2619 1389 2712 quomodo
1410 2624 1446 2687 in
1466 2618 1535 2689 aliis

130 2766 139 2773 -
181 2713 380 2813 corporibus
396 2722 516 2802 major,
534 2720 569 2778 iu
586 2711 654 2778 aliis
671 2716 784 2778 minor
800 2704 865 2779 effe
882 2709 991 2805 poffit.
1044 2715 1166 2793 Omnia
1183 2708 1308 2786 scilicet
1326 2719 1533 2812 corpuscula,

181 2842 268 2915 quae
286 2815 324 2882 ab
342 2812 529 2910 aequalibus
547 2809 670 2879 viribus
684 2804 805 2879 eodem
821 2806 1030 2907 tempusculo
1044 2835 1105 2908 per
1125 2810 1272 2910 aequalia
1297 2810 1433 2915 spatiola
1457 2844 1537 2916 pro·

127 2948 137 2959 ·
181 2935 389 2997 moventur,
413 2918 542 2983 ratione
558 2915 694 2981 inertiae
712 2915 800 2981 iuter
819 2904 850 2980 se
867 2909 1013 3011 aequalia
1030 2909 1382 3018 aestimantur,'atque
1399 2944 1439 2988 ex
1457 2947 1538 2993 con·

181 3015 355 3114 junelione
371 3008 564 3109 hujusmodi
581 3011 859 3111 corpusculorum
872 3032 1087 3113 quotcunque
1106 3018 1192 3085 oriri
1215 3013 1351 3114 pollunt
1379 3045 1539 3120 corpora,
1641 3072 1644 3077 -

181 3145 330 3220 quorum
348 3123 483 3189 inertiae
502 3141 735 3215 quamcunque
753 3120 919 3186 rationem
934 3121 1022 3186 inter
1042 3110 1075 3186 se
1092 3134 1236 3189 teneant.
1295 3122 1469 3215 Quantitas
1489 3151 1542 3197 er·

180 3249 228 3323 go
246 3225 385 3291 inertiae
408 3225 442 3290 iu
459 3216 740 3291 determinatione
759 3210 896 3287 effedlus
915 3242 932 3286 a
949 3216 1073 3288 viribus
1092 3216 1227 3290 oriundi
1246 3229 1383 3295 maximi
1407 3223 1453 3296 cst
1467 3252 1541 3297 raro·

182 3327 310 3406 menti,
338 3342 370 3392 et
393 3323 479 3392 hanc
503 3320 547 3390 ob
577 3345 652 3391 rem
676 3322 711 3388 in
734 3318 937 3391 Mechanica
961 3314 1094 3389 summo
1108 3317 1222 3419 lludio
1235 3322 1280 3392 est
1293 3322 1539 3421 perpendenda,
1588 3392 1611 3403 ,

182 3427 240 3498 ubi
255 3448 332 3494 cum
349 3422 568 3521 peculiaribus
583 3419 776 3494 nominibus
800 3414 948 3522 iudicari.
963 3417 1085 3507 loleat‚
1116 3446 1154 3491 ca
1182 3426 1217 3494 in
1239 3419 1397 3523 singulari
1419 3422 1539 3502 defini·

185 3534 281 3607 tione
297 3523 455 3625 explicari
470 3526 659 3598 conveniet.

680 3688 972 3764 DEFINITIO.
997 3710 1045 3778 15.

284 3818 344 3887 ¹53·
370 3792 474 3891 Maffle
491 3793 643 3889 corporis
663 3786 718 3860 vel
744 3795 910 3890 quantitas
931 3798 1084 3862 materiae
1107 3805 1248 3858 vocatur
1264 3795 1427 3889 quantitas
1445 3796 1536 3866 iuer·

185 3902 261 3984 tiae,
279 3922 363 3997 quae
384 3898 418 3963 in
437 3918 478 3963 eo
503 3916 648 3990 corpore
670 3889 771 3973 inest,
793 3914 856 3989 qua
873 3893 992 3961 tamin
1012 3888 1097 3962 statu
1110 3883 1171 3960 suo
1184 3886 1417 3992 perseverare,
1435 3921 1537 3997 quam

184 4006 280 4075 omni
295 4000 475 4071 mutationi
492 3991 648 4066 rcludari
664 4013 815 4066 conatur.
1334 4028 1341 4035 -

694 4158 942 4229 conatu
1004 4174 1029 4229 a

182 4264 186 4269 ’
287 4289 354 4357 ¹54·
404 4252 509 4334 Massa
525 4283 608 4360 ergo
626 4251 682 4329 seu
699 4263 861 4359 quantitas
875 4260 1034 4329 materiae
1050 4252 1325 4357 corporum'non
1350 4290 1390 4336 ex
1414 4287 1534 4337 cortun

184 4362 434 4466 magnitudine,
468 4357 523 4436 sed
546 4388 585 4435 ex
611 4354 789 4461 qualititate
814 4364 970 4444 inertiae,
999 4386 1064 4462 qua
1090 4366 1124 4432 in
1145 4362 1228 4434 llatu
1244 4358 1304 4436 suo
1321 4362 1532 4466 perseverare

127 4550 135 4561 ,
185 4486 371 4555 conantur,
397 4473 556 4569 omnique
571 4466 751 4541 mutationi
769 4462 991 4551 reltrtbantur,
1013 4462 1196 4552 ‚aestimari
1209 4459 1318 4538 debet.

870 4584 1198 4673 ux,
1397 4582 1534 4654 -co,
