4092 5134
627 356 1046 535 onratcrromr
1062 358 1416 515 tuomum
1633 455 1703 539 451
1792 482 1797 495 -
1874 354 1880 365 ⁸

541 600 557 651 r
668 588 673 600 '
864 554 1187 678 currerat.

373 680 389 763 ζ
456 691 532 783 962.
557 689 685 763 Frictio
709 721 793 795 ergo
817 722 886 767 non
912 718 1065 798 tanquam
1088 700 1219 791 functio
1242 696 1402 805 quaedam
1423 706 1599 784 celeritatis
1624 710 1697 813 spe·
1808 696 1813 703 i

346 792 432 861 etati
447 790 580 887 potest,
606 819 682 864 cum
701 816 866 892 perpetuo
880 798 1020 871 eandem
1037 811 1255 899 quantitatem
1272 804 1407 903 fervet,
1436 806 1502 883 fruc
1520 834 1630 884 motus
1654 812 1695 885 fit

291 982 294 987 Ι
345 888 563 1063 ῗὲιιιιιιιιιε,
584 891 657 1063 sfive
677 894 890 983 tardilfrmus:
934 904 1076 975 Interim
1099 922 1229 995 tarnen,
1255 929 1352 981 motu
1376 917 1508 1009 penitus
1537 909 1691 1003 celfante,

362 1018 387 1061 u
410 1010 460 1063 rto
478 1018 581 1065 evene
599 1012 652 1067 ert.
1159 1032 1166 1043 ·
1487 1036 1492 1045 ·

838 1142 1101 1271 xeorrolr.
1150 1160 1190 1239 e:

454 1299 525 1385 963.
550 1295 619 1369 Etfr
635 1315 741 1371 autem
762 1299 877 1373 frictio
894 1332 911 1375 a
926 1326 1038 1381 motus
1060 1308 1439 1409 celeritate'neutiqnam
1463 1308 1616 1407 pendet,
1643 1316 1692 1384 ta·¹
1762 1338 1772 1355 ‘

344 1414 426 1461 arten
446 1401 514 1487 ejus
536 1394 676 1471 directio
698 1428 759 1498 per
777 1422 886 1475 motus
910 1404 1131 1483 directionem
1154 1417 1251 1485 unice
1275 1407 1542 1509 determinatur,
1566 1417 1691 1513 quippe

284 1514 289 1521 ·
344 1498 400 1563 eni
416 1494 465 1567 est
479 1505 643 1573 contraria
661 1520 694 1575 et
710 1508 746 1574 in
759 1498 1004 1603 ipfoeontaetu
1018 1512 1189 1615 applicata.

675 1739 677 1743 .
854 1678 878 1744 S
893 1677 971 1746 CH
984 1681 1009 1749 0
1022 1681 1048 1748 L
1064 1682 1079 1750 l
1093 1684 1118 1751 0
1134 1684 1176 1751 N.

424 1786 426 1791 ¹
449 1796 524 1883 964.
548 1794 601 1866 Dc
619 1794 883 1893 motu'eorporis
902 1794 1053 1867 absoluto
1070 1799 1152 1868 haec
1174 1793 1248 1868 futat
1264 1764 1525 1900 intelligenda,li
1543 1792 1681 1966 querli·

329 1891 436 1975 cies,
458 1896 492 1962 in
507 1918 571 1992 qua
591 1922 713 1992 corpus
728 1894 878 1983 incedit,
909 1893 1057 1968 absolute
1079 1900 1252 1997 quiescat,
1275 1897 1323 1969 frn
1340 1922 1452 1970 autem
1469 1902 1551 1968 haec
1583 1922 1680 1997 uper·
1764 1916 1767 1921 '

312 1986 432 2059 dicier
455 1989 521 2089 ipsa
550 2014 727 2067 moveatur
756 2050 769 2081 ‚
807 2022 847 2067 ex
875 2015 973 2071 motu
999 2005 1154 2095 corporis
1186 1994 1372 2097 respectivo
1403 1996 1443 2068 ad
1470 1994 1682 2094 superficiem
1760 2046 1764 2053 -

330 2086 447 2161 relato
473 2092 633 2187 judicium
658 2095 704 2167 ell
726 2092 918 2193 petendum.
985 2098 1119 2171 Scilicet
1136 2098 1161 2170 fr
1177 2124 1298 2195 corpus
1319 2096 1377 2171 ref
1395 2118 1469 2170 ectu
1491 2094 1701 2197 superficiei·

336 2186 498 2291 quiestat,
512 2195 635 2267 etiamfr
649 2200 829 2297 utcumque
846 2218 1023 2271 moveatur
1039 2196 1199 2295 absolute,
1216 2195 1330 2271 frictio
1347 2128 1393 2271 el

322 2298 410 2377 ῂιιι
432 2291 583 2393 respectu
604 2296 789 2397 superficiei
813 2321 1014 2387 moveatur,
1046 2297 1160 2370 frictio
1176 2324 1250 2387 eam
1269 2306 1427 2397 impetrat
1445 2302 1677 2397 quantitatem,

1408 2196 1517 2285 nulla,
1556 2196 1604 2268 fm
1623 2223 1680 2273 aui·
1743 2226 1747 2235 ‘
1787 2212 1793 2231 ⁴

333 2416 438 2493 quam
453 2398 596 2493 reliquae
614 2398 875 2471 circumstantiae
889 2408 1036 2499 exigunt,
1052 2426 1161 2501 neque
1176 2403 1340 2497 quantitas
1360 2418 1480 2469 motus
1497 2400 1564 2468 hnc
1580 2404 1676 2496 quic·
1762 2412 1766 2421 ’

332 2518 437 2593 quam
455 2500 596 2570 confert.
637 2502 791 2585 Directio
808 2520 919 2571 autem
943 2498 1105 2573 frictionis
1129 2526 1189 2599 per
1209 2496 1433 2571 directionem
1456 2494 1675 2596 respectivam

334 2605 490 2693 corporis
508 2594 658 2698 respectu
672 2597 859 2697 superficiei
875 2603 1062 2672 conflarrter
1079 2599 1317 2672 determinatur
1333 2627 1343 2670 ε
1374 2624 1484 2699 neque
1499 2603 1601 2696 igitur
1615 2602 1675 2668 hic

334 2716 470 2770 mottun
485 2695 666 2781 fecundam
684 2697 762 2771 duas
780 2724 887 2774 tresue
903 2700 1105 2773 directiones
1127 2698 1297 2773 resolvere
1323 2698 1427 2794 licet,
1448 2716 1482 2769 et
1504 2723 1568 2795 pro
1591 2724 1678 2799 quo·

334 2794 446 2886 libet,
473 2800 563 2899 quali
580 2798 667 2873 folus
684 2796 830 2890 adeffet,
854 2801 1046 2874 frictionem
1063 2800 1223 2889 definire,
1248 2797 1393 2902 indeque
1412 2795 1606 2870 frictionem
1621 2819 1676 2870 to·

333 2917 406 2971 tarn
422 2900 582 3002 colligere
601 2932 610 2977 :
635 2900 690 2975 fed
709 2911 756 2975 uti
770 2910 932 3004 quantitas
950 2903 1118 2977 frictionis
1136 2930 1238 2991 nona
1261 2923 1372 2973 motus
1385 2907 1577 3001 quantitate
1595 2927 1678 3001 pen·
1710 2992 1714 2999 ἱ

332 2998 421 3089 det,
447 3008 491 3073 ira
514 3002 656 3075 directio
682 3001 812 3102 semper
844 3034 884 3078 ex
915 3006 1128 3094 directione,
1154 3000 1336 3077 fecundum
1356 3028 1457 3103 quam
1477 3028 1599 3100 corpus
1622 2997 1675 3075 su·
1745 3016 1747 3021 '

331 3096 396 3201 per
424 3098 597 3201 superficie
619 3105 767 3193 incedit,
790 3104 923 3178 deliniri
946 3105 1054 3183 debet.
1131 3108 1383 3193 Ceterumlroc
1414 3106 1676 3201 phaenomenon

331 3228 407 3275 non
422 3208 463 3275 ita
482 3221 630 3277 accurate
641 3232 703 3305 per
727 3214 950 3306 experimenta
971 3208 1161 3292 indicatur,
1197 3224 1235 3277 ut
1258 3205 1358 3277 nullis
1385 3204 1483 3299 plane
1506 3201 1613 3273 dubiis
1636 3201 1690 3309 sttp
1777 3266 1780 3271 .

330 3298 516 3397 subiectum
536 3333 546 3383 t
571 3314 651 3408 quin
668 3315 775 3408 potius
791 3328 902 3380 motus
919 3308 1087 3382 celerrimi
1104 3308 1143 3379 ab
1157 3310 1219 3379 hae
1233 3305 1346 3406 regula
1361 3299 1603 3403 aliquantillum
1620 3326 1673 3372 re·

332 3402 455 3478 cedere
472 3407 632 3481 videntur.
676 3408 831 3496 ,Quodfr
855 3407 944 3482 ferte
965 3416 1100 3497 veritati
1121 3407 1225 3481 fuerit
1250 3404 1532 3489 consentaneum,
1557 3399 1670 3500 idfpo-

332 3512 397 3578 tius
413 3506 468 3579 alii
485 3506 598 3582 caufae
618 3511 822 3597 tribuamus,
848 3540 947 3611 quam
971 3504 1143 3584 stabilitam
1165 3507 1332 3581 frictionis
1355 3512 1530 3577 notionem
1549 3508 1674 3573 irmnuss

281 3628 284 3633 '
333 3626 467 3683 ternuss
496 3630 626 3683 etcum
648 3612 812 3683 aberratio
835 3610 873 3683 frt
896 3609 991 3684 valde
1012 3638 1136 3711 parva,
1171 3636 1244 3681 eam
1267 3637 1308 3681 eo
1333 3611 1437 3706 magis
1453 3603 1671 3704 negligamus,

292 3791 294 3795 ,
332 3736 412 3782 cum
426 3706 502 3783 alias
518 3711 696 3806 nonnullas
714 3718 846 3812 exiguas
863 3719 948 3785 vires
964 3736 981 3791 .’
1000 3739 1085 3812 quae
1110 3738 1150 3783 ex
1173 3706 1294 3783 eodem
1318 3705 1414 3778 fonte
1437 3724 1535 3804 atque
1559 3701 1671 3777 frictio

332 3816 503 3910 originem
521 3817 654 3886 trahere
668 3811 853 3909 videntur,
883 3814 1057 3915 negligere
1080 3840 1121 3885 co
1146 3836 1252 3891 amur.
1321 3812 1389 3879 Hic
1411 3802 1536 3879 scilicet
1557 3810 1593 3878 in
1613 3830 1672 3877 eos

329 3931 462 3985 tantum
481 3910 639 4002 effectus,
665 3921 721 4015 qui
738 3942 755 3985 a
770 3912 928 3988 frictione
943 3921 1058 4014 pronti
1084 3840 1145 3987 vul

333 4014 507 4106 conflitui,
524 4014 565 4088 de
580 4016 649 4089 aliis
664 4035 774 4091 motus
793 4017 1119 4115 obllaeulislruinime

333 4266 340 4273 ¹
744 4186 1168 4265 PHAENOMENON.
1225 4202 1317 4261 2.st
1396 4212 1401 4221 ·
1467 4216 1470 4221 ·

432 4316 507 4403 965.
530 4307 565 4379 Sl
577 4302 764 4483 tetenstete
778 4314 897 4410 paria,
922 4315 1086 4408 quaereitur
1103 4306 1272 4407 [aanor
1292 4290 1550 4394 etiem'lth
1565 4282 1679 4489 W

1639 4508 1692 4563 ff

1154 4014 1308 4089 ollicituS.

331 4406 664 4513 mqtuamagnitudt‘ttt
697 4406 782 4511 asts)
806 4434 870 4515 qua
884 4428 990 4534 tergus
999 4405 1391 4579 stqtrfirt‘eqtfflfflgft,
1405 4386 1548 4497 Mili

1137 3941 1187 4090 fo
1212 3912 1345 4013 concipi
1367 3905 1477 3999 folet,
1502 3910 1675 4009 inquirere
1702 3960 1710 3975 .

1733 4228 1739 4241 Ι

1788 4594 1796 4603 ι

1775 4614 1778 4621 ι
