4092 5134
670 329 1095 428 funeratio.
1198 291 1202 298 ’

192 530 538 670 progreliivorum
551 546 599 637 stt
612 546 888 643 referendum.
944 548 1169 645 Praeterea
1187 551 1290 646 dum
1306 572 1487 679 ‚corpora
1503 566 1559 655 ri«
1666 550 1671 561 ’

189 689 287 817 gida
302 701 509 817 eJusrnodi
523 701 682 790 viribus
700 696 910 789 sollicitata
930 722 1190 816 moventur,
1214 734 1363 803 eorum
1386 716 1557 836 compa·

188 872 263 964 ges
278 848 372 942 satis
394 855 517 943 firma
537 850 615 941 elle
641 867 827 967 oportet,
869 879 923 935 ne
948 852 992 935 in
1020 849 1153 977 ligura
1185 851 1253 943 sua
1284 866 1560 957 mutationem
1700 854 1704 860 ’

185 1004 406 1115 patiantur.
464 1003 585 1115 ldeo,
610 1020 811 1118 quantam
841 999 930 1087 vim
949 1024 1175 1117 compages
1200 1013 1387 1124 corporis
1415 1006 1554 1102 aviri-

185 1148 264 1237 bus
281 1146 587 1239 sollicitantibus
602 1148 808 1259 sustineat,
837 1143 955 1235 fimul
969 1164 1060 1233 erat
1071 1145 1362 1247 definiendum.

295 1295 535 1414 Corporum
563 1298 792 1413 rigidorum
823 1277 964 1393 finitae
989 1298 1285 1412 magnitudinis
1308 1304 1479 1421 perinde
1503 1340 1555 1400 ac

185 1442 525 1559 corpusculorum
547 1445 706 1533 infinite
735 1473 964 1562 parvorum
993 1467 1136 1533 motus
1165 1444 1317 1564 duplici
1345 1458 1474 1547 modo
1496 1461 1556 1553 est
1598 1473 1616 1479 ”

184 1595 443 1707 traslandus‘,
471 1615 597 1712 prout
614 1592 738 1681 suerit
760 1589 829 1682 vel
848 1588 968 1703 liber,
1004 1590 1073 1683 vel
1096 1594 1152 1682 ob
1174 1588 1351 1688 externa
1379 1606 1560 1724 impedia'
1676 1634 1680 1641 ’

184 1736 328 1841 menta
339 1745 557 1836 testrislus.
606 1742 758 1860 Neque
770 1770 876 1833 vero
887 1740 994 1869 hanc
1007 1741 1361 1859 investigationem
1369 1751 1427 1839 ita
1439 1751 1553 1843 susci-
1695 1748 1702 1758 ’

184 1931 284 2022 pere
300 1899 414 2010 licet,
442 1920 491 1984 ut
504 1895 680 2013 sepositis
696 1897 892 1984 omnibus
905 1910 1047 1978 motus
1061 1891 1279 1983 obstaculis
1305 1903 1447 1987 omnia
1462 1929 1554 1991 mo-
1652 1882 1657 1895 ⁵

186 2048 256 2138 tus
275 2047 391 2136 liberi
403 2074 569 2164 genera,
597 2072 778 2161 quorum
815 2066 993 2154 corpora
1013 2038 1147 2155 rigida
1170 2047 1338 2160 capacia
1362 2045 1470 2162 sunt,
1499 2052 1556 2141 ad
1714 2037 1716 2040 Α

189 2197 397 2289 calculum
410 2210 671 2285 revocentur.
738 2176 904 2308 Corpus
932 2194 1046 2277 enim
1058 2188 1185 2276 libere
1208 2211 1372 2284 motum
1392 2219 1558 2313 praeter
1705 2314 1707 2319 ι
1796 2190 1799 2195 ’
1902 2210 1907 2219 ’

189 2368 354 2446 motum
365 2340 663 2463 progrelllvum
671 2351 823 2458 purum
831 2341 998 2466 infinitis
1012 2338 1152 2455 modis
1166 2362 1308 2431 motus
1319 2348 1554 2458 gyratorios

187 2501 371 2612 recipere
394 2488 546 2608 potest,
593 2466 829 2602 cujusmodi
859 2506 1000 2576 motus
1023 2487 1261 2617 complicati
1290 2513 1389 2578 ante
1411 2492 1555 2587 evolvi

184 2639 347 2763 prorsus
368 2657 599 2754 nequeunt,
634 2639 769 2750 quam}
787 2656 928 2723 motus
956 2642 1156 2753 gyratorii
1182 2642 1294 2725 circa
1313 2669 1419 2730 axes
1440 2643 1555 2733 fixos

184 2791 276 2879 sunt
290 2788 466 2876 deliniti:
491 2805 582 2869 tum
604 2785 715 2870 enirn
739 2783 910 2878 demum
929 2787 985 2876 ad
1007 2806 1148 2874 motus
1179 2786 1413 2903 gyratorios
1443 2793 1555 2881 circa
1642 2819 1649 2835 ’

144 2958 151 2973 ·
184 2966 292 3028 axes
308 2918 504 3042 mobiles,
533 2959 583 3017 ac
595 2958 721 3047 porro
735 2934 790 3021 ad
805 2952 946 3022 motus
961 2932 1113 3023 liberos
1126 2938 1170 3021 in
1190 2961 1342 3049 genere
1359 2938 1554 3055 progredi

183 3087 294 3176 licet.
350 3081 565 3199 Expedito
579 3083 720 3197 itaque
733 3102 853 3170 motu
872 3071 1124 3199 progrelllvo
1137 3111 1243 3200 puro
1261 3068 1438 3200 corpora
1458 3091 1556 3205 rigi.

184 3236 238 3325 da
255 3230 507 3322 extrinsecus
523 3231 581 3315 ita·
592 3227 773 3316 restrisla
788 3232 1093 3350 contemplatur
1110 3260 1311 3320 PERtnL.
1328 3206 1554 3351 Avcrou,

186 3406 235 3472 ut
255 3355 418 3469 certum
449 3400 613 3469 tantum
632 3399 776 3469 motus
803 3409 934 3497 genus
959 3384 1146 3498 recipere
1166 3376 1333 3496 possint,
1368 3387 1483 3501 quod
1505 3390 1554 3478 sit

188 3534 290 3623 dum
304 3533 357 3620 ab
371 3528 509 3646 aliqua
524 3529 660 3616 caussa
674 3546 851 3615 externa
862 3531 947 3618 duo
961 3528 1147 3649 corporis
1169 3526 1322 3644 puncta
1347 3532 1437 3622 lixa
1458 3540 1558 3630 reti.

188 3703 351 3770 nentur.
407 3676 618 3768 Hoccasu
632 3705 784 3794 corpus
796 3676 976 3793 rigidum
991 3679 1104 3767 circa
1124 3672 1277 3765 linem
1301 3682 1458 3773 tesiam
1477 3715 1556 3804 per·
1704 3741 1707 3747 -

190 3832 295 3921 baec
311 3829 461 3949 punsla
472 3846 769 3939 transeuntem,
799 3855 897 3914 curn
911 3822 995 3943 ipso
1005 3823 1179 3913 tirmiter
1193 3855 1445 3942 connexam,
1472 3862 1556 3923 mo·

122 4088 135 4099 ¹·
194 3995 239 4072 tu
250 3978 465 4094 gyratort‘o
481 3977 625 4090 fertur,
653 4003 782 4093 quare
799 3973 880 4093 ipsa
894 3972 997 4060 haec
1011 3971 1466 4094 redauxirgyrationis
1481 4011 1559 4072 uo-

196 4146 327 4215 catur.
382 4122 476 4217 Sex
487 4126 703 4244 Capitibus
720 4153 747 4211 a
766 4122 870 4213 Hdo
885 4123 940 4213 ad
952 4121 1163 4215 VHmum
1176 4124 1253 4215 hos
1272 4147 1413 4215 motus
1435 4139 1569 4246 gyra

194 4276 328 4365 torius
343 4275 646 4397 contemplatus
654 4273 713 4366 est
729 4292 878 4366 cina.
894 4299 1116 4367 Avcron.
1181 4275 1372 4372 Stabilita
1390 4281 1561 4367 notione
1667 4360 1670 4365 .

915 4426 945 4514 b
1516 4426 1564 4522 δι
