4092 5134
447 426 566 515 BASl
584 425 1328 519 sPHAErucAuRAEmToRUM
1349 428 1523 517 SUPER
1541 431 1622 518 &c
1656 460 1731 545 397

371 616 413 691 et'
426 624 604 689 maximam
621 635 654 687 et
677 623 849 689 minimam
868 646 878 692 ε
906 636 1047 719 utraque
1071 636 1182 689 autem
1203 616 1243 689 ad
1259 618 1394 716 planum
1410 638 1547 719 tangens
1562 625 1626 691 etit
1642 646 1723 693 nor·

368 720 466 791 malis
484 746 494 793 r
523 745 624 819 quare
640 717 662 789 sr
678 746 798 817 corpus
817 720 978 791 alterutro
991 747 1112 793 eorum
1125 720 1356 818 pundlorum,
1386 746 1404 789 a
1426 723 1544 821 quibus
1566 740 1720 793 centrum

366 824 507 892 inertiae
532 820 585 891 vel
608 826 752 891 maxime
787 821 839 892 rel
862 828 999 892 minime
1027 820 1146 907 dislat,
1184 820 1285 919 plano
1310 823 1514 893 horizontali
1536 824 1715 911 incumbat,

366 922 460 1019 resia
477 948 517 994 ex
534 938 652 991 centro
669 926 808 993 inertiae
830 919 870 991 ad
883 924 1050 1013 pnndlurn
1072 922 1243 993 conracius
1265 920 1363 994 dut‘la
1379 930 1442 994 erit
1458 923 1643 1013 verticalis,
1664 921 1715 996 id-

367 1047 478 1125 eoque
493 1020 591 1119 lit'uni
604 1020 793 1121 'aequilibrii
814 1016 918 1109 dabit,
941 1050 1085 1123 eumque
1098 1020 1281 1117 ¹flabilem,
1310 1022 1335 1095 fi
1355 1024 1513 1095 redla'isla
1528 1022 1631 1097 fuerit
1649 1032 1713 1097 mi·

364 1128 483 1213 nima,
512 1142 627 1194 contra
644 1149 726 1193 vero
744 1122 901 1209 labilem,
927 1118 951 1195 si
968 1130 1132 1196 maxima:
1161 1119 1253 1194 unde
1266 1124 1472 1224 intelligitur,
1488 1144 1641 1199 centrum
1659 1134 1711 1200 in-

364 1231 468 1299 ertiae
484 1222 611 1323 semper
626 1222 781 1294 inlimunr
803 1222 915 1295 locum
928 1224 1114 1325 quaerere,
1140 1223 1195 1294 ubi
1212 1222 1406 1325 acquiescat.
1456 1229 1709 1326 Saepenumero

363 1348 476 1399 autem
491 1325 602 1425 plnrec
616 1321 736 1394 dautur
754 1324 938 1425 aequilibrii
955 1325 1059 1414 litus,
1087 1324 1140 1395 alii
1158 1324 1283 1399 llabilcs
1298 1324 1353 1397 alii
1370 1326 1481 1399 labiles
1498 1384 1509 1421 ,
1534 1323 1641 1427 quise
1660 1328 1708 1400 al-

362 1434 521 1502 ternatim
542 1428 695 1523 excipere
711 1424 858 1521 debent,
882 1434 1189 1599 ¹pironiarncorpur
1214 1427 1343 1528 err-'suu
1359 1426 1447 1499 labili
1469 1426 1708 1530 digressumjn
1745 1476 1749 1487 ·

360 1530 510 1635 llabilem
526 1520 844 1631 perveniatneeesse
861 1552 879 1599 e

482 1638 484 1643 ⁵
783 1630 788 1769 s
844 1668 1165 1755 acuonrou
1218 1703 1246 1750 a

458 1842 532 1925 889.
553 1818 593 1903 ln
608 1823 779 1931 praesente
795 1822 895 1925 casu,
921 1854 990 1928 quo
1006 1836 1160 1931 corporis
1184 1824 1394 1929 superficiem
1413 1825 1618 1927 sphaericam
1642 1830 1701 1902 lla·

357 1944 493 2019 tuimur,
510 1934 597 2003 retia
616 1957 676 2029 per
693 1948 846 2000 centrum
867 1933 1007 2002 inertiae
1023 1934 1095 2013 let
1117 1948 1270 2004 centrum
1291 1928 1419 2030 figurae
1443 1932 1474 2002 G
1500 1928 1597 2001 duua
1611 1928 1701 2004 dabit

355 2038 426 2113 duo
441 2037 498 2111 illa
517 2032 637 2133 punsla
653 2032 678 2102 F
696 2048 728 2103 et
743 2032 794 2117 D,
816 2029 934 2129 quibus
951 2030 974 2102 li
989 2058 1110 2135 corpur
1124 2033 1225 2131 plano
1241 2029 1443 2103 horizontali
1458 2034 1637 2119 incumbat,
1657 2030 1696 2103 fi-

347 2138 430 2227 ,t'xuu¹
443 2135 628 2239 aequilibiii
644 2150 779 2211 teneat:
801 2156 839 2201 ac
860 2128 939 2201 dum
960 2134 1084 2231 punslo
1099 2136 1125 2203 F
1140 2132 1277 2232 planum
1298 2131 1509 2203 horiz'ontale
1528 2139 1643 2233 tangit,
1656 2130 1699 2203 li-

342 2228 614 2337 ,tuca'equihbrii
638 2240 699 2305 erit
716 2232 848 2331 liabilis,
864 2230 886 2303 fi
902 2234 944 2302 Fl
965 2244 1006 2319 <
1026 2233 1084 2303 FG
1103 2228 1159 2305 seu
1221 2244 1260 2319 <
1275 2258 1299 2303 o
1312 2289 1325 2331 ,
1346 2231 1451 2304 labilia
1472 2250 1580 2304 autem
1595 2238 1632 2326 fi
1651 2234 1698 2305 1²1

349 2354 391 2429 >
406 2324 462 2415 lc
481 2336 535 2412 seu
543 2340 570 2434 j
580 2350 619 2420 >
637 2356 660 2405 0
674 2360 685 2411 r
712 2360 821 2435 neque
831 2352 964 2431 praeter
980 2336 1043 2403 hos
1058 2329 1143 2403 duos
1172 2350 1238 2402 rtur
1262 2332 1446 2431 aequilibrii
1470 2332 1553 2405 alius
1569 2338 1624 2405 hic
1640 2332 1697 2405 da-

343 2448 467 2531 ·bitur,
486 2438 547 2513 nisr
563 2436 746 2534 suetus:
762 2456 809 2519 o,
830 2458 900 2533 quo
925 2427 1000 2504 casu
1021 2428 1130 2505 subito
1152 2456 1270 2504 omnes
1291 2431 1389 2533 plane
1407 2432 1486 2505 litus
1508 2433 1698 2536 aequilibrii

347 2540 501 2645 indolem
517 2544 693 2710 recipiunt.
742 2532 930 2607 Etliautem
946 2536 1000 2605 hic
1018 2552 1121 2608 totam
1137 2540 1289 2634 corporis
1300 2527 1509 2631 superficiem
1525 2554 1562 2606 ut
1577 2533 1694 2631 sphae-

347 2654 455 2723 rioaru
482 2640 572 2717 const
599 2664 688 2724 ero,
712 2655 822 2707 tamen
848 2632 888 2705 ad
918 2634 1103 2707 inllitutum
1121 2636 1273 2707 uoslrum
1295 2630 1438 2724 sufficit,
1471 2636 1496 2707 sr
1520 2662 1557 2706 ea
1575 2632 1692 2708 saltem

344 2726 462 2851 pb'tti'o
481 2802 493 2843 ‚
514 2768 578 2844 qua
594 2737 734 2811 durante
749 2755 846 2809 motu
859 2734 996 2837 planum
1010 2728 1222 2810 hb'rizontale
1238 2740 1428 2839 contingit,
1453 2733 1556 2809 fuerit
1570 2734 1689 2836 sphae-

342 2858 442 2927 rica:
467 2868 564 2947 atque
579 2844 659 2913 hinc
676 2838 733 2913 illa
751 2836 903 2911 traslatio
921 2844 1020 2911 etiam
1041 2835 1082 2909 ad
1106 2866 1163 2911 eos
1179 2837 1326 2923 turbines
1347 2836 1469 3011 patet‘,
1491 2864 1639 2939 quorum
1653 2864 1688 2911 a·

343 2977 405 3027 xer
428 2944 567 3019 inferius
588 2946 710 3015 nonin
726 2935 919 3039 cuspidem,
949 2960 986 3011 ut
1002 2958 1077 3011 ante
1095 2934 1320 3027 affumsrmus,
1363 2938 1404 3010 ed
1426 2944 1460 3011 in
1477 2936 1592 3013 hemis
1595 3030 1598 3035 ι
1609 2943 1687 3014 hae-

341 3060 436 3129 rium
451 3049 615 3121 ueletiam
635 3048 746 3115 minua
764 3038 920 3139 sphaerae
944 3038 1155 3138 segmentum
1178 3034 1425 3126 efformantur‚
1452 3046 1497 3111 ita
1520 3060 1558 3113 ut
1571 2968 1687 3115 lbrma

336 3150 441 3255 ¹firpru
457 3138 662 3223 considerata
677 3144 757 3215 hinc
775 3138 940 3241 prodeat,
979 3140 1002 3214 li
1029 3140 1138 3215 radius
1152 3135 1309 3243 sphaerae
1325 3142 1384 3213 GF
1398 3174 1438 3209 =
1459 3168 1476 3213 c
1500 3140 1684 3239 evanescat,

340 3234 454 3359 licque
469 3252 551 3323 haec
562 3244 713 3319 traslatio
731 3238 1288 3343 superioreminsecompieslatur.
1337 3242 1437 3315 uecta
1450 3246 1553 3341 igitur
1568 3246 1680 3315 DlGF

339 3350 402 3461 per
423 3338 576 3427 centrum
598 3352 737 3419 inertiae
754 3350 770 3417 1
788 3364 821 3419 et
845 3363 998 3417 centrum
1019 3344 1099 3419 basia
1121 3342 1310 3445 sphaericae
1333 3345 1366 3415 G
1387 3340 1484 3415 dudla
1502 3351 1680 3445 proprium

340 3460 479 3533 turbinis
500 3476 595 3523 axem
619 3450 775 3535 exhibet,
797 3443 1054 3549 quampridem,
1080 3452 1132 3519 nti
1148 3446 1293 3521 turbines
1313 3445 1458 3516 conllrui
1482 3439 1608 3531 solent,
1635 3444 1660 3517 s
1662 3490 1676 3507 ·

336 3560 411 3641 mul
424 3582 509 3631 unus
523 3550 569 3623 est
587 3556 696 3621 axium
716 3547 949 3647 principalium
968 3555 1148 3647 corporis,
1172 3548 1242 3618 bini
1265 3572 1349 3619 vero
1364 3544 1487 3645 reliqui
1503 3566 1678 3619 momenta

334 3666 474 3739 inertiae
499 3652 620 3727 habent
642 3653 757 3749 paria,
779 3648 912 3749 qualem
929 3644 1075 3719 sormam
1099 3656 1165 3744 jam
1185 3645 1280 3747 supra
1303 3649 1498 3721 statamus.-
1547 3650 1678 3721 Verum

332 3790 407 3867 quo
422 3764 502 3831 haec
516 3753 668 3827 traslatio
684 3749 778 3820 latius
794 3766 911 3848 pateat,
930 3746 1093 3851 simulque
1109 3745 1150 3821 ad
1167 3751 1378 3822 titubationes
1395 3770 1674 3851 corporumqno·

331 3862 545 3961 rumcunqtie
566 3850 631 3926 basa
653 3847 824 3951 sphaerica
841 3849 1070 3949 praeditorum
1093 3850 1343 3923 accommodari
1363 3868 1481 3945 queat,
1504 3875 1579 3923 axes
1597 3878 1673 3923 cor·

330 3970 426 4071 poris
453 3955 647 4060 principales
669 3976 852 4052 utcumque
870 3953 916 4024 ¹ab
938 3976 998 4025 axe
1020 3958 1161 4055 proprio
1184 3956 1245 4026 DF
1271 3948 1420 4026 diversor
1442 3950 1671 4045 considerabo,

333 4088 519 4164 eorumque
536 4054 685 4158 respeslu
708 4073 880 4127 momenta
897 4059 1021 4126 virium
1035 4056 1227 4155 explorabo.

768 4222 1111 4299 exonerata.
1163 4246 1232 4319 ως.

429 4382 507 4461 890·
534 4362 618 4432 Data
639 4336 802 4459 prelllone
817 4376 874 4449 n,
900 4380 969 4459 qno
984 4378 1106 4453 corpus
1127 4356 1192 4431 basa
1209 4351 1377 4453 sphaerica
1391 4340 1577 4443 praeditum
1597 4336 1665 4433 pla·

325 4500 374 4549 no
391 4463 599 4549 horizontali
607 4464 803 4567 incumbit,
830 4455 1271 4631 definiredrpornentainde
1295 4470 1369 4526 orta
1389 4443 1540 4546 respectu
1553 4443 1666 4560 axium

936 4562 974 4657 D⁴
1049 4585 1068 4651 ς
1540 4566 1664 4642 prrucr·

976 4772 1021 4855 5
