4092 5134
637 492 646 509 .
859 474 910 514 ,Ι
977 310 1402 460 enarrarre.
1489 466 1495 483 ,
1645 357 1653 376 ‘

331 564 341 615 ²
374 560 408 597 ³
503 587 550 680 dr
563 584 750 673 menlura
762 576 984 668 celeritatis
999 574 1209 696 angularis
1223 577 1359 694 primo
1376 572 1564 666 definivit
1585 590 1727 662 motus
1751 550 1874 691 gyra
1912 584 1917 608 ¹

503 727 599 822 torii
615 728 776 820 anullis
791 728 950 857 viribus
963 728 1119 814 turbati
1134 730 1504 836 continuationem,
1517 721 1732 839 investigat
1746 726 1872 836 vires,

503 911 588 970 non
605 888 771 1005 tantum
785 906 892 994 quas
906 878 1001 965 axia
1016 874 1195 989 sustinet,
1224 876 1292 965 seu
1306 904 1415 995 quae
1430 869 1615 960 adhiberi
1632 854 1796 982 debent,
1824 888 1874 957 ur

504 1036 599 1121 axis
614 1033 656 1116 in
670 1028 747 1115 srnr
760 1025 830 1114 suo
850 1023 1132 1137 conservetur,
1160 1024 1288 1130 sed&
1310 1040 1415 1142 quas
1437 1024 1623 1136 corporis
1647 1044 1872 1136 compages

501 1177 682 1285 sustinet,
719 1178 933 1293 &quibus
955 1162 1126 1261 mutuus
1145 1177 1328 1290 partium
1352 1198 1489 1259 nexus
1526 1142 1705 1255 resistere
1739 1152 1874 1254 debet

268 1318 270 1323 ’
362 1321 383 1333 ”
500 1323 864 1414 Posthaeccunn.
879 1348 1089 1415 Avcron
1107 1320 1248 1433 tranlit
1262 1319 1316 1407 ad
1330 1300 1874 1440 effediusvidumquammss

503 1501 669 1591 cunque
687 1474 731 1558 in
743 1490 863 1559 motu
876 1472 987 1557 circa
1001 1499 1130 1557 axem
1142 1469 1280 1584 fixum
1295 1466 1544 1584 generando.
1611 1470 1680 1556 Ac
1703 1462 1873 1580 quidem

499 1629 637 1745 primo
652 1642 793 1711 motus
806 1615 972 1707 tanturn
990 1619 1153 1703 initium
1177 1617 1500 1736 contemplatur,
1536 1620 1608 1734 qui
1630 1617 1795 1733 corpori
1820 1614 1875 1701 ri·

383 1794 391 1813 ·
489 1774 598 1891 -gido
624 1778 736 1861 circa
751 1796 880 1854 axem
894 1766 1032 1854 fixum
1054 1763 1199 1854 mobili
1222 1797 1248 1853 a
1270 1768 1427 1857 viribus
1451 1769 1767 1884 quibuscunque
1793 1750 1882 1849 ini?

499 1918 713 2037 primitur,
738 1943 824 2031 quo
838 1913 1001 2003 facilius
1019 1913 1125 2003 solus
1139 1917 1292 2005 virium
1315 1914 1488 2007 effedlus
1510 1946 1536 2007 a
1558 1891 1680 2005 'motu
1703 1917 1791 2028 jum
1809 1918 1871 2002 in·

368 2134 371 2140 .
499 2056 576 2147 {ito
591 2057 799 2193 separatus
815 2062 1129 2181 perspiceretur,
1158 2081 1285 2177 atque
1298 2062 1393 2152 hinc
1406 2067 1459 2157 ad
1475 2066 1687 2185 sequentes
1708 2062 1871 2151 investi-

491 2211 689 2324 ‹gationes
709 2209 879 2301 sublidia
912 2216 997 2331 peti
1020 2188 1195 2328 queant,
1233 2213 1422 2328 quando,
1459 2215 1562 2302 dum
1583 2237 1734 2326 corpus
1758 2213 1870 2297 circa

499 2359 741 2472 quempiam
754 2389 883 2448 axem
899 2377 1084 2475 gyratur,
1111 2363 1223 2452 vires
1241 2358 1397 2474 adsunt,
1411 2366 1455 2454 id
1470 2368 1582 2452 circa
1597 2360 1724 2449 alium
1738 2386 1869 2445 axem

408 2636 410 2641 Α
479 2525 747 2631 convertere
760 2527 977 2595 conantes:
1006 2504 1098 2597 tlun
1113 2519 1225 2603 enim
1240 2543 1298 2602 ex
1314 2511 1466 2603 effectu
1478 2524 1771 2600 momentaneo·
1789 2505 1868 2589 cir·

501 2666 553 2737 c'a
567 2650 676 2740 hunc
692 2682 820 2741 axem
832 2652 1035 2773 produllo
1049 2656 1234 2770 judicare
1249 2658 1357 2773 licet,
1369 2655 1582 2776 quomodo
1597 2666 1736 2741 motus
1746 2678 1867 2769 prae-

500 2797 652 2886 cedens
665 2803 865 2889 turbetur.
952 2802 1103 2891 Postea
1123 2837 1291 2925 quoque
1314 2837 1467 2926 corpus
1491 2804 1670 2919 rigidum
1683 2805 1727 2927 in
1743 2822 1864 2889 motu

295 3021 301 3033 .
388 3020 406 3040 .,
497 2947 754 3035 οἰτοτιεικεῃι
769 2948 905 3037 fixum
922 2951 1151 3042 conliderat
1164 2956 1210 3046 dt
1224 2953 1446 3068 icrutatur,
1476 2950 1690 3070 quomodo
1710 2953 1745 3036 is
1762 2955 1867 3046 avi·
1905 2979 1919 3049 ·,

498 3093 614 3182 ribus
631 3098 947 3215 quibuscunque
959 3105 1170 3193 immutari
1188 3105 1346 3195 debeat.
1403 3103 1595 3217 Utraque
1610 3097 1866 3214 investigatio

396 3365 403 3379 ,
427 3249 431 3258 ’
499 3239 620 3333 timul
639 3244 858 3360 conjundia
880 3247 938 3333 est
958 3252 1057 3338 cum
1083 3251 1425 3343 determinatione
1446 3254 1618 3357 virium,
1654 3275 1757 3363 quas
1781 3246 1864 3364 ipsa

500 3399 687 3508 corporis
720 3421 963 3509 compagem
1005 3401 1285 3517 &praeterea
1314 3430 1461 3488 earum
1480 3400 1721 3514 praecipue,
1757 3394 1862 3514 quas
1885 3420 1888 3424 ’

498 3539 593 3625 axis
608 3537 787 3652 sustinet,
816 3545 966 3659 quibus
980 3548 1120 3663 itaque
1133 3547 1341 3637 sustentari
1366 3547 1505 3657 debet,
1541 3575 1594 3633 ne
1620 3541 1673 3629 de
1695 3541 1772 3656 srtu
1792 3539 1864 3629 suo

412 3738 415 3747 ·
499 3683 751 3775 deturbetur.
808 3690 930 3779 Haec
943 3690 1091 3781 ultima
1104 3696 1289 3811 quaestio
1304 3697 1356 3784 de
1369 3696 1542 3805 viribus,
1571 3719 1676 3811 quas
1691 3696 1785 3780 axis
1799 3690 1861 3779 su-

472 3900 475 3955 .·
497 3828 636 3941 stinet,
669 3834 803 3923 adhuc
824 3843 960 3927 minus
981 3839 1153 3927 studiose
1174 3844 1232 3931 est
1251 3842 1435 3932 tradate.
1522 3842 1666 3955 Quare
1687 3869 1785 3929 cum
1808 3872 1860 3930 ea

497 3981 751 4121 maxumin
780 3992 1004 4101 momenti,
1046 3988 1209 4106 hocque
1244 4022 1329 4080 non
1356 3987 1486 4080 folum
1512 4010 1561 4076 ut
1592 3980 1862 4105 intelligatur,

468 4133 470 4136 ’
496 4129 662 4242 quantis
680 4133 836 4222 viribus
862 4144 967 4253 opus
983 4137 1048 4247 lit,
1086 4137 1141 4225 ad
1173 4166 1307 4227 axem·
1323 4142 1366 4226 in
1389 4139 1466 4226 srtu
1485 4137 1556 4224 suo
1578 4140 1861 4255 retinendum,

341 4278 345 4297 ¹
494 4271 562 4367 sed
574 4276 811 4396 praesertim
826 4303 874 4372 ut
900 4287 945 4374 in
966 4304 1087 4372 motu
1110 4315 1336 4407 corporum
1353 4285 1582 4405 rigidorum
1604 4287 1734 4377 libero
1756 4290 1861 4402 diju-

1717 4440 1861 4528 'dicari
