4092 5134
359 426 431 515 282
462 408 745 557 carunxr
772 366 1047 499 oratoru
1058 384 1678 537 marocenorum-ac,

463 726 546 800 704.
572 708 661 799 Quin
678 712 778 781 etiarn
795 699 967 805 srinsupet
982 706 1070 775 vires
1094 630 1447 797 meelate-accedant,
1475 734 1618 811 qttarum
1635 721 1709 787 mei

362 802 572 880 dia¹diredlio
593 835 652 909 per
668 830 822 883 centrum
839 810 979 877 inertiae
995 798 1164 896 transeat,
1193 814 1233 882 iis
1248 806 1337 883 solue
1355 829 1468 883 motus
1484 810 1707 915 progreffivua

361 906 502 1006 perinde
516 908 676 983 afficietur
693 968 703 997 ,
728 936 765 981 ac
781 906 805 979 fi
820 923 889 979 tota
907 912 1060 1006 corporis
1075 902 1175 981 rnall'a
1189 918 1227 985 in
1239 911 1300 984 illo
1316 931 1435 985 centro
1452 908 1532 987 eil‘et
1548 914 1711 1009 colledlar

362 1029 476 1082 motus
494 1028 604 1083 autnn
627 1016 817 1113 gyratorius
837 1010 983 1082 manebit
999 1004 1201 1115 uniformia,
1220 1032 1254 1089 et
1268 1021 1336 1089 axia
1352 1018 1537 1117 gyrationia
1553 1016 1710 1095 constan·

329 1196 340 1210 .
363 1126 414 1183 ter
428 1106 525 1185 litum
541 1112 598 1187 srbi
617 1112 811 1215 parallelum
818 1108 1051 1212 '‘conservabit.

758 1304 761 1315 ’
881 1280 1203 1357 SCHOLION.

463 1437 539 1509 705.
564 1412 651 1483 Cum
670 1412 853 1482 etiamnum
879 1408 969 1476 uires
991 1399 1207 1478 sollicitantes
1229 1430 1464 1485 removeamur
1484 1432 1518 1487 er
1542 1419 1577 1488 in
1601 1410 1709 1490 solam

361 1532 471 1589 moun
487 1509 631 1614 imprelll
648 1514 937 1583 continuationem
953 1510 1185 1607 inquiramus,
1211 1528 1321 1582 matur
1343 1520 1497 1586 omnium
1520 1542 1710 1619 corporum

362 1622 462 1721 primi
507 1619 613 1689 eneris
639 1612 788 1713 perfedle
810 1607 1045 1705 delinivimus,
1060 1628 1098 1679 ut
1121 1608 1208 1681 nihil
1227 1609 1367 1710 amplius
1394 1612 1573 1692 desiderari
1591 1620 1706 1722 poss'tr:

361 1746 427 1823 pro
443 1645 578 1819 rebquis
595 1736 705 1788 aunem
718 1710 916 1813 corporibus
933 1716 999 1804 jam
1013 1727 1142 1808 partem
1157 1710 1303 1811 aliquam
1319 1714 1574 1815 expedivimus,
1601 1750 1707 1825 quan·

362 1820 408 1895 do
421 1818 545 1894 scilieet
560 1835 670 1890 motus
686 1819 873 1918 gyratorius
889 1816 1039 1912 primum
1059 1805 1233 1912 irnpreffus
1254 1812 1294 1886 fit
1319 1821 1408 1889 circa
1428 1844 1524 1893 anem
1543 1828 1709 1939 principa·

363 1926 453 2011 lem,
497 1948 579 2023 quae
596 1916 734 2018 quidem
748 1914 982 1988 determinatio
995 1928 1055 2013 per
1078 1919 1213 2015 cognita
1231 1922 1297 2009 jam
1318 1915 1451 2015 pridem
1474 1918 1613 1997 l'ublrdia
1637 1952 1707 1999 rne-

364 2030 501 2100 (Μῶα,
524 2018 650 2093 absolvi
675 2024 795 2119 potuit.
860 2019 899 2087 ln
922 2013 994 2087 aliis
1014 2039 1099 2115 ergo
1123 2040 1308 2115 corporum
1328 2024 1506 2120 generibus
1530 2022 1707 2101 difficultas

365 2150 437 2201 tum
452 2121 591 2197 demum
607 2126 783 2206 occurrit,
809 2115 944 2218 quando
964 2122 1103 2214 corpori
1123 2117 1270 2215 primurn
1291 2139 1404 2194 nrotua
1421 2135 1613 2227 gyratoriut
1636 2156 1709 2204 non

364 2236 453 2304 circa
470 2230 660 2327 quartapiam
674 2246 769 2295 axem
783 2215 1002 2319 principalem
1016 2222 1223 2319 imprimitur
1239 2250 1249 2298 r
1272 2218 1315 2295 ad
1331 2220 1425 2326 quod
1439 2236 1615 2331 negotium
1629 2258 1708 2334 per·

362 2324 572 2405 ucciandum
617 2330 741 2397 rimum
756 2318 923 2423 peculiare
936 2344 1042 2421 geum
1063 2320 1263 2396 constituam
1288 2350 1410 2401 eorum
1427 2354 1638 2431 corporum,
1671 2340 1708 2412 in

363 2432 481 2536 quibua
497 2426 566 2501 duo
588 2352 709 2499 <lentur
726 2442 900 2497 rnoruenta
923 2426 1060 2497 inertiae
1083 2418 1237 2525 respet‘lu
1259 2432 1371 2503 axium
1394 2433 1630 2533 principalium
1652 2462 1706 2511 ae·

361 2532 483 2635 qualia.
559 2524 669 2634 and
692 2552 814 2631 genua,
835 2541 1069 2625 praeterquam
1090 2518 1184 2625 quod
1205 2525 1350 2603 calculus
1375 2529 1465 2604 haud
1486 2533 1706 2615 mediocriter

362 2636 598 2717 contrahitur,
624 2633 691 2703 hoc
709 2622 883 2701 commodi
900 2624 1023 2723 habet,
1049 2644 1086 2696 ut
1102 2632 1138 2699 in
1155 2652 1198 2699 eo
1219 2627 1327 2705 adbuc
1338 2630 1463 2705 inliniri
1487 2632 1611 2715 deutur
1628 2666 1704 2717 axes
1743 2626 1745 2648 ¹

360 2733 583 2836 principales,
610 2737 653 2802 ira
673 2749 711 2802 ut
726 2730 865 2803 infinitis
880 2723 989 2799 modis
1008 2726 1173 2819 ejusmodi
1187 2750 1301 2803 tnotua
1325 2788 1336 2821 ,
1381 2734 1515 2835 qualern
1534 2746 1602 2835 jam
1621 2740 1703 2819 deti·

357 2845 518 2923 nivimur,
533 2832 672 2906 exiliere
709 2830 802 2921 offit3
825 2856 903 2901 cum
915 2844 1033 2899 contra
1050 2832 1087 2899 in
1102 2836 1366 2934 tertiogenere,
1382 2840 1418 2909 in
1442 2865 1512 2941 quo
1529 2866 1704 2921 momenta

358 2938 553 3040 principalia
569 2942 656 3007 inter
675 2856 797 3006 ldsunr
819 2926 1002 3031 inaequalia
1018 2984 1030 3013 ,
1057 2948 1188 3029 praeter
1201 2949 1268 3005 trea
1282 2960 1360 3009 anea
1374 2933 1616 3019 determinaret
1629 2948 1704 3023 nul·

360 3042 409 3114 lus
427 3039 507 3113 alius
524 3033 644 3123 detur,
671 3040 757 3108 circa
771 3058 872 3137 quem
889 3055 1010 3131 corpus
1026 3027 1130 3105 libere
1149 3039 1264 3133 gyrari
1286 3058 1398 3139 queat.
1425 3128 1428 3133 Ι
1460 3046 1502 3115 ln
1524 3046 1578 3120 bia
1600 3054 1703 3151 igitur

359 3140 535 3245 generibus
554 3136 587 3209 id
604 3137 699 3208 nobis
715 3136 760 3211 ess
781 3131 1009 3237 propositum,
1031 3151 1068 3204 ut
1084 3138 1276 3237 quicunque
1291 3159 1401 3215 morus
1418 3142 1535 3219 talibus
1550 3158 1702 3253 corpori·

357 3247 417 3319 bus
432 3242 533 3316 suerit
550 3232 723 3339 iutprellns
740 3294 750 3327 ,
778 3244 846 3331 ejus
868 3238 1158 3308 continuationem
1177 3240 1440 3341 intelligemus:
1462 3247 1519 3319 ubi
1535 3248 1577 3323 ad
1593 3262 1700 3355 qttod·

357 3355 407 3419 vi,
433 3365 561 3443 tempus
586 3346 699 3441 primo
720 3338 842 3439 pofitio
864 3342 931 3409 anis
955 3340 1143 3436 gyrationi·
1172 3346 1304 3415 ratione
1325 3352 1437 3417 axium
1464 3354 1701 3454 principalium

356 3452 508 3545 corpori,
523 3469 600 3515 cum
616 3442 782 3515 celeritate
797 3437 959 3539 angulari,
973 3432 1096 3509 deinde
1111 3460 1194 3511 vero
1212 3438 1288 3513 litua
1307 3439 1459 3543 ipsorum
1476 3458 1586 3525 axium
1610 3466 1701 3558 prio·

355 3547 509 3647 cipalium
524 3548 654 3617 ratione
669 3538 761 3642 spatii
778 3537 917 3614 absoluti
939 3534 1154 3611 determinari
1171 3536 1330 3631 debebit,
1353 3552 1409 3647 qui
1427 3550 1547 3624 modus
1563 3558 1636 3635 laoc
1652 3578 1701 3635 ar'·

320 3654 333 3671 ”
355 3649 459 3723 duram
477 3664 711 3747 argumentum
727 3640 888 3716 tradlandi
906 3646 1051 3713 maxime
1066 3638 1200 3715 videtur
1224 3643 1378 3735 idoneus,
1396 3668 1463 3721 ram
1479 3652 1519 3725 ad
1534 3654 1701 3737 calculum

351 3746 602 3842 evolvendum,
627 3774 727 3847 quam
740 3742 780 3816 ad
797 3742 899 3845 iplun
921 3747 1152 3843 cognitionem
1172 3744 1320 3819 nollram
1343 3750 1581 3836 illustrandam.
1650 3764 1700 3839 Ad

353 3875 534 3953 urrruuquc
554 3869 665 3925 autern
687 3856 721 3923 in
740 3845 1015 3950 praecedentibut
1038 3848 1201 3945 capitibus
1225 3846 1405 3928 ureeeiiaria
1419 3854 1629 3956 ,adtaamula
1647 3890 1699 3941 etr·

354 3950 534 4059 posuimus.
1040 3975 1044 3983 ⁵

889 4300 891 4305 '
967 4286 1084 4459 ltili!
