4092 5134
294 452 297 460 ·
363 456 438 549 ιιι
572 422 902 523 maurinu.
957 420 1037 519 ua
1058 356 1241 515 Moru
1263 388 1503 513 summi
1560 357 1571 491 J
1638 436 1641 441 ·

569 642 575 673 ¹
810 620 858 693 'S
880 623 908 692 C
932 620 971 691 H
992 618 1070 693 Ob
1094 620 1112 691 l
1136 618 1163 691 0
1188 622 1231 696 N.

469 790 543 865 771.
572 767 690 841 Motus
705 784 789 871 erg'o
801 772 908 841 centri
924 769 1064 861 inertiae
1081 772 1117 837 in
1136 764 1268 837 turbine
1285 762 1377 838 nulla
1393 761 1519 837 laborat
1532 754 1710 837 difficulta·
1737 820 1758 843 ,

364 886 404 947 Ι
422 870 435 959 ,”
454 868 479 942 li
497 867 601 942 modo
617 860 737 968 pressio
752 865 894 967 cuspidis
911 866 944 941 D
962 871 997 937 in
1015 864 1153 964 planum
1176 864 1393 941 horizontale
1409 863 1450 937 ad
1491 858 1610 935 uodvis
1628 883 1714 939 tem·

365 969 593 1073 pusalsrgnari
617 962 732 1071 pollet.
780 974 908 1041 Verum
926 972 960 1040 in
976 968 1043 1038 hoc
1059 963 1132 1069 ipso
1149 964 1275 1040 summa
1293 969 1352 1042 lita
1366 966 1412 1045 esl
1428 890 1617 1055 difficultas,
1634 992 1724 1041 cum.

368 1073 409 1145 ab
426 1074 488 1143 bac
503 1068 667 1172 pressione
687 1076 815 1143 oriatur
822 1076 1040 1169 jmomcntum
1059 1068 1101 1141 ad
1116 1068 1285 1141 turbinem
1300 1078 1388 1145 circa
1404 1072 1598 1169 quempiam
1616 1094 1713 1143 axem

368 1168 818 1260 convertendum'tendens,
843 1196 884 1243 ex
901 1197 971 1291 (pto
989 1167 1052 1242 nisr
1067 1171 1168 1256 turbo
1183 1179 1248 1265 jam
1265 1177 1354 1247 circa
1375 1174 1465 1242 hunc
1483 1167 1592 1269 ipsum
1617 1197 1713 1247 anem

368 1292 531 1375 gyretur,
556 1278 623 1363 aris
647 1278 831 1373 gyrationis
855 1271 1062 1368 variabitur,
1082 1269 1172 1346 unde
1196 1276 1296 1345 etiam
1318 1270 1457 1347 turbinis
1480 1271 1653 1349 inclinatio
1673 1269 1715 1347 ad

370 1377 588 1448 horizontem
602 1378 824 1449 mutationem
840 1378 991 1473 patietur.
1043 1373 1105 1445 Illa
1123 1399 1206 1446 vero
1233 1375 1457 1449 inclinationis
1472 1378 1616 1447 mutatio
1632 1401 1714 1448 con·

369 1481 486 1551 venire
503 1471 602 1547 debet
617 1501 695 1547 etun
712 1500 774 1564 ea,
802 1502 904 1578 quam
924 1470 1046 1574 pressio
1069 1477 1094 1547 P
1117 1470 1254 1547 assumta
1273 1475 1453 1576 producit,
1475 1496 1575 1576 atque
1591 1476 1634 1551 ex
1651 1480 1715 1549 hac

367 1580 601 1651 convenientia
618 1572 684 1671 ipsa
703 1577 786 1649 haec
799 1575 920 1677 pressio
937 1574 1152 1650 determinari
1168 1574 1291 1665 debet,
1316 1587 1352 1653 in
1374 1604 1439 1678 qua
1462 1564 1715 1681 investigationes

368 1685 419 1763 vis
432 1677 605 1754 universae
621 1678 799 1757 Theoriae
819 1677 990 1752 turbinum
1013 1678 1060 1751 esl
1083 1677 1323 1757 constituenda.
1359 1680 1453 1774 Quo
1473 1686 1483 1750 i
1508 1684 1571 1751 itur
1586 1676 1714 1755 saciliut

365 1776 505 1852 adhunc
520 1776 658 1881 scopum
670 1786 908 1881 pertingamus,
921 1781 1088 1852 turbinem
1099 1787 1134 1853 iu
1148 1780 1420 1883 situquocuuque
1435 1706 1593 1855 inclinato
1603 1809 1637 1859 et
1652 1791 1714 1857 cir·

367 1909 405 1953 ca
423 1908 518 1956 axem
532 1909 593 1982 per
602 1876 756 1953 centrum
773 1886 913 1953 inertiae
927 1880 1062 1953 duslum
1079 1902 1256 1984 gyrantem
1274 1880 1533 1970 consideremus,
1546 1902 1647 1987 atque
1664 1892 1714 1958 in·

365 1989 545 2083 quiramus,
555 2002 711 2080 qttantam
725 1990 945 2056 mutationem
958 2003 1026 2055 tam
1037 1990 1103 2057 axis
1118 1992 1315 2085 gyratiouis,
1328 2012 1428 2087 quum
1444 1985 1594 2059 celeritas
1611 2015 1713 2091 angu-

271 2180 273 2185 .
367 2084 444 2158 laris
460 2083 656 2185 aprelstone
672 2140 681 2170 ,
704 2110 769 2185 qua
786 2080 892 2184 cuspis
906 2084 1007 2184 plano
1021 2086 1224 2159 horizontali
1240 2088 1363 2173 instilis,
1381 2086 1419 2159 lit
1431 2082 1569 2189 passura.

776 2247 1187 2330 PROBLEMA.
1245 2268 1298 2341 82.

467 2381 537 2479 ῆι
560 2386 652 2459 Dum
667 2380 766 2461 turbo
781 2386 952 2485 utcunque
967 2386 1125 2485 gvratur',
1156 2385 1179 2459 li
1194 2383 1293 2461 detur
1303 2386 1435 2487 preffio,
1448 2418 1512 2493 qua
1528 2388 1633 2491 cuspis
1648 2391 1715 2492 pla·

373 2513 421 2562 no
438 2484 642 2561 horizontali
664 2490 836 2583 innititur,
861 2480 1086 2558 determinare
1107 2494 1326 2564 variationem
1343 2512 1633 2585 mornentantam,
1648 2512 1713 2568 tam

342 2656 359 2665 -
375 2597 411 2662 in
423 2616 482 2663 axe
497 2591 693 2694 gyrationis,
709 2613 811 2689 quam
825 2586 993 2661 celeritate
1018 2586 1168 2691 angulari
1184 2590 1394 2693 produslam.

902 2755 1190 2832 solutio.

203 2879 277 2980 fig.
290 2897 367 2959 100·
484 2886 536 2958 Sit
555 2880 727 2957 inclinatio
751 2882 891 2955 turbinis
916 2878 956 2953 ad
979 2884 1198 2958 horizontem
1219 2882 1274 2959 seu
1302 2886 1442 2989 angulus
1466 2890 1558 2966 FDA
1582 2929 1622 2967 =
1642 2898 1663 2983 θ
1682 2918 1716 2973 et

377 2984 499 3091 pressio
514 2992 549 3058 in
563 2989 595 3058 D
609 3018 648 3055 =
665 2987 712 3074 P,
747 3010 810 3087 qua
832 2983 990 3082 punslum
1008 2984 1042 3055 D
1057 2982 1186 3059 sursum
1204 3007 1354 3090 urgetur..
1401 2992 1569 3085 Quoniam
1591 2988 1714 3071 iocor.

376 3114 461 3192 pore
476 3095 589 3160 onmia
606 3104 778 3159 momenta
791 3090 932 3158 inertiae
954 3081 1031 3159 sunt
1051 3094 1197 3192 aequalia
1214 3148 1224 3177 ,
1251 3094 1333 3163 haec
1356 3096 1404 3165 vis
1423 3096 1482 3169 DP
1503 3103 1586 3171 :aP
1604 3096 1717 3175 tendet

375 3191 573 3287 turbinem,
597 3180 845 3289 liquesceret,
873 3208 1074 3262 convertere
1095 3198 1183 3266 circa
1206 3218 1302 3267 axem
1324 3218 1384 3293 per
1407 3219 1559 3269 centrum
1578 3202 1726 3276 inertiae·

378 3297 394 3363 1
412 3288 637 3365 transeuntem
655 3287 744 3362 etad
762 3288 897 3390 planum
912 3290 1004 3363 ADF
1017 3293 1216 3370 normalem.
1277 3298 1390 3394 Quare
1409 3298 1519 3397 polito
1541 3326 1716 3379 mornento

375 3399 515 3469 inertiae
535 3393 674 3467 turbinis
695 3398 782 3465 circa
806 3419 923 3466 omnes
945 3416 1019 3465 axes
1042 3427 1080 3463 ε.-
1100 3398 1207 3483 lusan,
1235 3411 1269 3467 et
1287 3396 1435 3471 dillautia
1459 3405 1512 3489 Π)
1532 3407 1625 3501 =s‚
1657 3415 1717 3480 erit

374 3512 588 3569 momentum
605 3499 653 3567 vis
669 3494 727 3567 Dl’
752 3489 903 3591 respeslu
924 3492 1012 3565 illius
1035 3502 1103 3571 axia
1124 3532 1164 3569 =
1182 3499 1205 3569 l'
1222 3496 1255 3594 f
1263 3498 1370 3593 cos03
1407 3501 1553 3605 ideoque
1570 3523 1727 3608 tempus.-

375 3596 453 3669 culo
468 3608 507 3670 dt
520 3596 620 3668 turbo
630 3600 717 3669 circa
732 3594 828 3669 illum
845 3620 941 3669 axem
958 3614 1110 3673 vertetur
1126 3624 1188 3699 per
1201 3598 1360 3701 angulum
1374 3602 1612 3680 elementarem
1620 3611 1671 3684 das
1681 3642 1719 3681 =

513 3707 529 3740 2

374 3697 622 3909 Ἤρ.
672 3764 760 3833 Cum
772 3780 884 3833 autern
901 3748 1002 3838 turbo
1020 3770 1087 3862 jans
1105 3765 1224 3840 babeat
1239 3784 1373 3840 motum
1392 3779 1602 3871 gy'ratorium
1621 3832 1631 3865 ‚
1657 3782 1719 3857 ite·

377 3942 453 4009 rum
469 3941 582 4007 omnia
597 3932 637 4009 ad
658 3932 870 4035 superficiem
895 3934 1098 4039 sphaericam
1118 3961 1236 4016 centro
1260 3949 1398 4017 inertiae
1422 3956 1573 4047 corporis
1597 3950 1719 4029 descri-

377 4060 468 4140 ptam
483 4034 677 4124 reseramus,
691 4041 726 4109 in
742 4063 805 4137 qua
820 4036 859 4110 srt
875 4042 1033 4136 punslum
1051 4046 1079 4114 Z
1093 4042 1182 4145 quali
1201 4050 1325 4131 zenith,
1341 4066 1375 4118 et
1391 4050 1420 4117 A
1437 4047 1587 4139 superior
1602 4062 1719 4128 terrui·

380 4164 441 4211 nus
456 4145 523 4209 axis
541 4138 707 4223 turbinis,
731 4146 903 4211 eritarcus
918 4145 979 4217 ΖΛ
1001 4174 1039 4213 =
1054 4154 1125 4233 90⁰
1149 4188 1186 4205 -
1208 4151 1250 4236 i,
1282 4174 1384 4248 quem
1407 4144 1503 4252 supra
1525 4164 1719 4232 vocavimus

378 4274 417 4311 =
434 4246 470 4329 l;
497 4265 585 4309 nunc
601 4258 712 4308 autem
731 4240 892 4330 ejusruodi
912 4263 1022 4316 teneat
1037 4246 1131 4320 strunt
1159 4254 1285 4336 turbo,
1317 4272 1352 4321 ut
1370 4250 1424 4322 alii
1442 4257 1507 4326 bini
1526 4282 1600 4330 axes
1618 4265 1653 4330 in
1674 4284 1716 4334 eo

378 4339 436 4415 fixi
453 4360 486 4412 et
503 4337 543 4410 ad
562 4343 645 4412 stt)
656 4339 823 4412 normales
841 4340 903 4413 smt
918 4349 954 4415 in
972 4350 997 4418 Β
1013 4366 1047 4419 et
1063 4352 1103 4422 D.
1166 4349 1234 4421 Etsi
1257 4357 1348 4424 euim
1369 4356 1425 4426 lric
1439 4364 1591 4431 omnium
1607 4366 1719 4434 axium

375 4469 437 4542 par
450 4441 496 4518 cll
514 4450 623 4533 ratio,
646 4462 758 4553 tamen
778 4447 813 4514 in
835 4468 984 4547 corpore
1008 4454 1125 4523 ternbs'
1138 4475 1213 4525 axes
1230 4458 1317 4527 inter
1337 4451 1371 4531 se
1393 4460 1562 4533 normales
1585 4468 1720 4562 concipi

1637 4591 1719 4637 con·

1343 4756 1379 4811 al*
