4092 5134
1389 280 1402 309 's

200 382 209 393 ’
254 466 256 473 =
324 410 381 552 '⁷⁶
412 428 610 523 cneus
631 424 707 518 tv.
746 423 831 513 na·
847 416 1137 557 uausunrs
1161 350 1484 511 nusonurts
1509 392 1604 509 ue(
1658 520 1671 543 „

334 653 371 708 to
387 626 602 705 commodior
618 621 777 707 uidetur,
803 644 904 719 quam
920 618 1075 721 illa,'qua
1089 622 1228 693 antebac
1246 618 1376 693 fueram
1394 617 1469 691 usus
1487 677 1497 716 ,
1519 620 1576 690 ubi
1602 602 1689 691 cele·

335 743 448 809 ritates
464 759 525 833 per
540 724 686 803 radicem
703 719 896 824 quadratam
909 748 949 794 ex
965 719 1190 793 altitudinibus
1209 779 1219 809 ,
1245 748 1306 822 per
1321 747 1399 823 quas
1417 748 1522 823 grave
1546 708 1689 794 labendo

278 827 286 871 ‘
334 863 429 939 pares
444 836 632 932 acquireret
647 823 855 910 celeritates,
885 820 1133 922 expresserarn3
1159 848 1260 922 quem
1284 830 1318 893 in
1340 822 1444 895 linem
1468 821 1692 895 loco‘celeri«

334 957 440 1010 tatum
456 928 646 1005 altitudines
662 925 741 1025 ipsis
752 922 876 996 debitas
896 929 930 994 in
948 921 1113 995 calculum
1129 921 1391 1011 introduxeram.
1444 929 1571 996 Verum
1587 952 1629 998 ex
1642 922 1690 995 al-

233 1112 236 1127 ,
335 1035 479 1111 titudine
494 1031 656 1104 celeritati
681 1026 789 1099 debita
805 1020 871 1125 ipsa
893 1023 1044 1098 celeritas
1072 1052 1142 1097 non
1168 1045 1235 1096 tam
1258 1022 1431 1125 perspicue
1457 1024 1688 1125 cognoscitur,

336 1135 394 1213 sed
409 1132 537 1210 calculo
553 1128 698 1233 quodam
716 1152 799 1227 opus
815 1124 883 1213 esl,
909 1146 944 1196 ut
959 1123 1000 1197 ad
1020 1122 1190 1199 mensuras
1218 1125 1329 1199 solitas
1355 1124 1545 1206 reducatur.
1621 1131 1691 1201 De·
1722 1154 1725 1159 ·

339 1236 418 1313 inde
437 1241 537 1308 etiam
562 1234 726 1329 temporis
748 1235 835 1300 ratio
864 1226 1022 1322 peculiari
1047 1226 1175 1300 calculo
1201 1248 1299 1330 eget,
1326 1256 1396 1330 quo
1416 1254 1504 1305 nova
1527 1227 1692 1330 quaedam

338 1346 446 1412 unitas
463 1343 497 1408 in
513 1332 677 1407 calculum
693 1327 805 1403 induci
821 1325 939 1415 debet,
964 1349 1000 1400 ut
1018 1336 1192 1429 ternpusiu
1206 1324 1346 1402 minutis
1364 1327 1514 1404 secundis
1531 1331 1692 1403 eliciatur.

340 1447 410 1515 Has
439 1464 522 1540 ergo
547 1435 698 1535 ambages
727 1451 795 1501 tam
823 1436 954 1502 ratione
977 1428 1188 1503 celeritatum
1214 1460 1314 1533 quam
1331 1451 1523 1531 temporum
1582 1439 1691 1505 enitus

341 1542 567 1625 evitabimus,
592 1535 616 1608 si
639 1530 848 1634 praescriptis
871 1526 1034 1604 mensuris
1059 1552 1192 1604 utanmr
1216 1559 1227 1608 t
1252 1554 1363 1605 totum
1386 1554 1496 1606 autem
1512 1460 1693 1610 dissrimen

249 1725 253 1736 ¹
341 1645 467 1744 in'lltoc
484 1641 530 1713 esl
546 1635 714 1738 positum,
739 1629 833 1733 quod
847 1651 924 1706 ante
942 1640 978 1705 in
993 1632 1150 1707 formulis
1159 1636 1370 1736 generalibus
1387 1635 1500 1708 littera
1514 1646 1541 1708 λ
1555 1633 1690 1709 frassin-

340 1772 422 1820 nem
437 1740 617 1817 absolutam
636 1747 658 1825 ὲ
675 1733 941 1836 fignificauerat,
968 1738 1022 1807 bic
1039 1756 1147 1811 autem
1167 1763 1230 1835 pro
1245 1764 1285 1812 ea
1295 1737 1384 1811 linea
1396 1769 1435 1813 e:
1453 1764 1504 1839 ag
1517 1734 1691 1821 scribatur.

341 1841 444 1918 Unde
463 1841 486 1916 st
501 1845 574 1940 quis
590 1843 741 1937 priorem
757 1833 900 1907 modmn
915 1832 1043 1909 secutus
1059 1836 1226 1911 calculum
1246 1866 1311 1941 pro
1338 1845 1497 1940 quopiam
1521 1859 1619 1912 motu
1634 1836 1690 1913 de·

341 1942 493 2022 finiendo
507 1941 709 2026 instituerit,
735 1946 803 2032 ejus
818 1934 962 2011 calculus
980 1936 1078 2015 facile
1095 1938 1136 2010 ad
1155 1943 1245 2012 hunc
1262 1938 1403 2013 modum
1422 1939 1625 2029 reducetur,
1641 1950 1690 2014 iu·

342 2049 452 2150 deque
470 2038 690 2144 promtissime
712 2065 830 2111 omnes
854 2036 1028 2113 mensurae
1048 2038 1215 2115 absolutae
1245 2038 1467 2120 innotescent.
1544 2046 1636 2137 Hinc
1648 2062 1692 2116 et·

340 2158 410 2224 iam
426 2149 677 2244 homogeneitas
693 2145 728 2210 in
744 2166 781 2213 ae
807 2142 994 2231 nationibus
1008 2162 1140 2214 motum
1153 2144 1451 2245 complodentibus
1469 2141 1597 2217 sacilius
1616 2161 1694 2244 pet-¹

340 2250 501 2354 spicitur,
527 2271 606 2316 cum
625 2260 753 2317 tautum
778 2168 876 2340 spratia
885 2241 1044 2345 percursa
1058 2264 1093 2317 et
1116 2244 1225 2317 littera
1235 2273 1264 2347 g
1286 2245 1348 2319 stnt
1369 2252 1566 2347 quantitates
1591 2247 1689 2320 liuea·

341 2380 395 2428 res
413 2372 447 2424 et
458 2345 549 2450 quast
565 2350 660 2417 unius
674 2341 888 2416 dimensionis
906 2404 917 2435 ,
944 2353 1037 2440 cujus
1051 2353 1186 2446 generis
1201 2374 1338 2449 quoque
1353 2344 1427 2423 sttnt
1441 2348 1645 2438 celeritates,
1661 2348 1685 2421 st

342 2454 433 2528 forte
454 2459 489 2522 in
513 2446 677 2521 calculum
701 2442 981 2520 introducantur:
1027 2468 1180 2548 tempora
1200 2468 1346 2525 auternr
1374 2478 1452 2523 cum
1475 2448 1689 2524 sradlionibut

344 2571 394 2658 ..9ss
411 2593 487 2662 huic
503 2582 662 2659 fimilibus
678 2590 827 2657 numeris
842 2580 997 2658 absolutis
1014 2592 1242 2686 exprimantur
1259 2644 1269 2675 ,
1292 2594 1351 2689 qui
1372 2587 1498 2660 nullam
1514 2580 1690 2660 dimensio·

341 2771 420 2819 nem
437 2740 638 2814 constituere
655 2728 730 2804 suns
746 2728 912 2809 censendi·
965 2736 1005 2805 ln
1021 2736 1151 2810 calculo
1161 2757 1283 2827 autem,
1299 2736 1490 2813 admodum
1505 2761 1582 2812 ante
1598 2737 1687 2813 usur·

340 2868 456 2949 patum
470 2840 633 2931 instituto,
649 2854 715 2906 tam
732 2832 918 2907 celeritates
935 2864 1036 2936 quam
1056 2859 1209 2940 tempora
1228 2867 1289 2938 per
1304 2840 1431 2916 radices
1453 2839 1627 2945 quadratas
1652 2867 1690 2915 ea

346 2945 580 3050 quantitatibus
597 2936 774 3011 linearibus
788 2938 1077 3037 exprimebantur,
1102 2966 1186 3043 quae
1203 2939 1287 3013 adeo
1306 2940 1478 3015 dimidiam
1494 2934 1622 3015 tantum
1638 2943 1686 3016 di.

114 3054 118 3061 ’
227 3110 233 3129 .
346 3047 552 3122 mensionem
568 3039 769 3115 conslituere
791 3035 866 3111 sunt
883 3036 1105 3111 existimanda.
1157 3040 1344 3140 Repudiato
1360 3072 1444 3145 ergo
1463 3045 1522 3117 illo
1541 3042 1687 3144 superio.

345 3159 375 3222 ri
389 3147 493 3222 modo
510 3146 550 3218 ad
564 3137 733 3215 mensuras
746 3136 906 3212 absolutas
918 3138 1139 3239 perveniendi
1156 3145 1245 3214 hunc
1262 3171 1389 3218 nouum
1399 3144 1553 3239 ‚modum
1574 3166 1690 3245 utpote

347 3253 454 3324 multo
472 3246 658 3321 faciliorem
675 3261 708 3315 et
722 3240 963 3340 simpliciorem
979 3243 1224 3344 arrtplcslamur
1241 3302 1252 3333 ,
1275 3266 1309 3319 et
1335 3255 1370 3319 in
1386 3244 1596 3350 sequentibus
1612 3276 1691 3323 con.

347 3356 467 3429 slantes·
483 3359 690 3424 retineamus.

703 3586 1156 3741 'CAPUT
1209 3594 1292 3736 V,

347 3838 441 3947 DE
454 3830 668 3961 MOTU
686 3834 1056 3945 ABSOLUTO
1079 3835 1694 3947 CORPUSCULORUM

466 3986 508 4069 a
539 3984 752 4079 vuttttvs
787 3987 1244 4120 ernvscuuovu
1272 3986 1643 4080 acroama.

794 4173 1150 4245 ancarana,
1202 4192 1247 4260 13.

455 4352 527 4419 205.
558 4263 610 4413 Si
625 4330 861 4431 corpusculum
880 4358 898 4401 a
916 4334 1040 4403 uiribus
1062 4340 1107 4405 ita
1135 4330 1354 4418 sollicitetur,
1381 4351 1417 4403 ut
1440 4351 1571 4405 motum
1594 4330 1691 4407 slsum

346 4441 382 4507 in
398 4430 520 4507 eodem
534 4433 634 4532 plano
650 4430 810 4528 absolvar,
821 4428 963 4507 definire
975 4452 1043 4505 tam
1053 4430 1194 4537 spatinm
1201 4430 1407 4535 percurstuu,
1417 4462 1517 4539 quarn
1526 4432 1567 4505 ad
1583 4434 1692 4537 qnod-

349 4543 398 4611 vis
415 4557 546 4636 tempus
563 4545 632 4633 ejus
649 4536 764 4611 locum
781 4533 1046 4633 etceleritatem
1693 4566 1701 4571 ·

1542 4642 1682 4712 rosv
1731 4617 1734 4621 ’
