4092 5134
471 408 600 521 xa·
704 328 1020 533 anua-n
1084 390 1165 491 ou
1182 364 1770 503 ramnmnonass
1917 470 1922 537 Ἰ,

1028 604 1031 613 ·
1160 585 1325 690 eurem
1916 546 1922 677 l

536 658 686 747 bebimut
711 648 802 747 banc¹
818 668 1000 759 ¹formulam
1013 668 1080 751 ede
1099 704 1140 785 ς
1160 680 1350 813 W,
1384 703 1450 782 qua
1470 686 1720 757 incrementum
1735 671 1880 783 'quadra-

419 880 423 887 .
538 820 563 885 ti
586 806 1130 911 celeritatis:angularia'definitun

1043 988 1366 1065 scnotron.
1460 1028 1487 1083 3

636 1164 704 1234 412
729 1140 833 1235 Quod
849 1136 873 1213 li
889 1122 1036 1241 ergo‘ad
1048 1135 1190 1239 quodvis
1201 1156 1338 1239 tempus
1360 1142 1555 1213 noverimus
1573 1130 1659 1211 uires
1675 1136 1796 1241 quibua
1813 1162 1882 1213 cot·

537 1268 599 1341 pua
617 1238 834 1330 sollicitatur,
861 1265 1002 1342 quarum
1021 1260 1234 1313 momentum
1250 1234 1361 1339 elapso
1377 1258 1531 1341 tempore
1558 1262 1574 1315 t
1593 1241 1633 1314 fit
1657 1276 1696 1312 =
1722 1241 1802 1338 Vs,
1822 1266 1883 1341 ope
1915 1250 1922 1263 “

537 1340 704 1423 formulae
720 1348 874 1417 inventae
889 1343 915 1417 li
929 1350 1130 1443 integretur,
1151 1358 1241 1414 totus
1257 1360 1368 1415 mutue
1382 1348 1571 1443 gyratorius
1591 1342 1813 1417 determinari
1828 1368 1883 1441 po·

538 1450 627 1521 terit.
683 1446 752 1517 Ubi
767 1444 905 1547 quidem
923 1440 1168 1519 observandum
1187 1442 1260 1531 est,
1283 1440 1378 1517 livcl
1393 1442 1503 1518 nullae
1518 1439 1674 1518 affuerint
1694 1452 1783 1519 vires
1801 1502 1812 1534 ,
1835 1442 1883 1519 vel

538 1572 599 1619 eae
610 1546 743 1619 nullum
756 1550 935 1648 praebeant
949 1540 1329 1645 momentumrespedlu
1350 1552 1417 1617 exie
1441 1554 1653 1649 gyrationie‚
1679 1566 1814 1621 motum
1835 1542 1890 1633 fu-

538 1667 653 1739 turum
668 1644 734 1723 e'll'e
751 1650 987 1753 aequabilem,
1011 1645 1095 1721 dum
1116 1653 1184 1721 anis
1206 1651 1265 1723 hae
1289 1652 1377 1722 vires
1394 1668 1478 1723 totae
1495 1645 1663 1747 ¹sullineat.
1740 1650 1882 1727 Mutatio

535 1744 663 1823 scilicet
677 1771 790 1825 motus
805 1771 935 1826 tantum
950 1778 969 1825 a
983 1769 1160 1825 momento
1177 1755 1300 1823 virium
1319 1746 1444 1853 pendet
1467 1808 1479 1848 ‚
1511 1757 1608 1855 eique
1628 1749 1714 1825 adeo
1740 1750 1787 1826 est
1810 1776 1882 1853 pto·
1916 1794 1921 1801 ·

535 1851 760 1950 portionalis:
791 1858 923 1927 Verum
937 1850 1107 1927 videamus
1122 1860 1251 1950 etiam,
1274 1876 1412 1955 quantae
1431 1860 1519 1927 vitea
1543 1850 1612 1955 ipse
1637 1859 1704 1927 axia
1721 1848 1883 1943 sussineat,

537 1950 620 2025 dum
640 1972 752 2026 motus
774 1962 927 2059 corporis
953 1982 971 2027 a
993 1956 1118 2029 viribus
1140 1955 1394 2057 quibuscunque
1415 1957 1653 2057 perturbatur:
1683 1980 1771 2057 quae
1795 1962 1881 2029 inue-

536 2052 669 2151 {ligatio
685 2080 725 2127 ex
741 2061 805 2145 iis,
831 2062 965 2159 quaein
982 2064 1088 2161 capite
1105 2052 1324 2159 praecedente
1342 2057 1416 2131 lunt
1434 2057 1599 2157 expolita,
1624 2056 1722 2132 facile
1739 2059 1880 2131 inllitue·

536 2173 601 2227 tur.
652 2158 813 2261 Exempla
829 2180 938 2234 autem
954 2160 1026 2247 talla
1048 2179 1160 2233 motus
1174 2164 1372 2269 gyratoriia
1396 2161 1520 2233 viribus
1540 2162 1725 2261 perturbati
1749 2156 1880 2235 inferius

537 2248 740 2349 afferemus,
766 2264 823 2337 ubi
839 2289 985 2365 corpora
999 2287 1018 2335 a
1032 2268 1193 2363 grauitate
1210 2266 1350 2335 animari
1366 2256 1576 2341 all'urncmus.

1018 2431 1318 2505 PROBLEMA.
1368 2453 1418 2520 23.
1448 2498 1450 2503 .

543 2582 547 2587 ’
634 2604 707 2679 413.
730 2584 765 2655 Si
782 2607 904 2683 corpus
918 2588 946 2657 ri
973 2580 1093 2671 idum,
1119 2576 1200 2655 dum
1220 2587 1306 2655 circa
1332 2604 1427 2651 axem
1449 2576 1555 2651 lixum
1580 2596 1752 2681 gyratur,
1776 2562 1877 2649 aviri

535 2677 874 2785 bue'quibuecunq'ue
896 2612 1123 2780 soldcitetur,
1146 2684 1290 2759 definire
1311 2686 1426 2779 vires,
1451 2704 1533 2854 quae
1548 2686 1617 2753 axia
1637 2686 1674 2753 in
1697 2678 1782 2753 datie
1802 2676 1875 2751 duo·

534 2782 596 2856 bue
608 2785 739 2885 pundlis
756 2788 835 2859 Oet
851 2791 882 2860 A
901 2783 1075 2875 sullineat,
1102 2802 1137 2857 et
1150 2786 1269 2889 quibus
1285 2781 1432 2858 resistere
1475 2782 1562 2875 eber,
1577 2808 1621 2857 ne
1636 2778 1780 2859 vacillet.

1077 2968 1359 3042 noevum.

639 3120 692 3191 Ex
708 3113 981 3219 praecedentibus
998 3114 1210 3221 perspicitur,
1231 3140 1326 3189 axem
1342 3113 1481 3217 triplicia
1491 3115 1630 3223 'generis
1646 3124 1735 3193 uires
1751 3114 1873 3193 lirlline·

541 3246 605 3311 re,
630 3226 744 3321 primo
764 3214 888 3291 scilicet
906 3224 1020 3317 vitea,
1045 3219 1163 3323 quibus
1177 3243 1297 3319 corpus
1318 3218 1392 3291 atta
1414 3214 1640 3308 sollicitatur,
1665 3218 1813 3295 secundo
1834 3222 1871 3293 vi·
1914 3224 1921 3269 ·”

541 3350 596 3397 res
620 3320 772 3424 aequalee
793 3339 826 3396 et
847 3328 1031 3395 contrarias
1052 3322 1176 3405 viribus
1200 3319 1456 3401 elementaribus
1473 3320 1564 3395 idern
1582 3342 1796 3397 momentum
1805 3344 1872 3425 pru·¹

414 3514 417 3519 q
541 3422 737 3500 ducentibus
755 3480 765 3513 ‚
789 3446 826 3496 ac
844 3430 947 3501 tertio
965 3430 1052 3497 viret
1069 3417 1270 3525 centrifug'ae
1287 3432 1328 3495 eri
1344 3440 1450 3527 motu·
1464 3432 1643 3527 gyratorio
1662 3447 1766 3505 natae.
1816 3426 1871 3499 He!
1902 3332 1918 3525 l

542 3546 626 3628 ergo
643 3526 788 3626 triplicea
805 3532 892 3598 viret
907 3520 1035 3597 adduta
1054 3526 1123 3598 duro
1140 3530 1207 3597 axia
1225 3524 1344 3625 pundla
1363 3527 1394 3597 0
1411 3531 1490 3599 'etii
1507 3533 1659 3600 revocari
1676 3548 1822 3629 oportet.

321 3704 324 3709 ·
375 3647 403 3725 Ρ
405 3652 449 3749 ⁵⁸·
461 3669 520 3744 ⁴⁴·
544 3746 621 3801 nm
641 3627 742 3803 ‘lid
749 3622 1100 3805 {tilliiiiii
1103 3624 1814 3805 ¹¹iiiil⁰l5l³ffiiil¹¹i-nallilll
1823 3648 1872 3799 ii

544 3856 578 3902 aa
592 3784 711 3939 VQet
726 3758 780 3903 vd
797 3888 807 3919 ,
832 3856 975 3932 quarunt
991 3830 1048 3905 illa
1061 3756 1185 3937 Valit
1203 3837 1254 3903 arti
1272 3786 1334 3937 (iti
1350 3830 1505 3933 parallela
1518 3890 1529 3931 ,
1540 3787 1654 3907 ³altera
1679 3860 1764 3907 vero
1781 3836 1835 3908 Vu
1846 3834 1873 3901 iu

542 3931 645 4035 plano
658 3932 700 4005 acl
713 3958 807 4006 axem
821 3934 991 4025 normali,
1018 3950 1114 4009 axem
1130 3942 1164 4009 in
1178 3932 1215 4009 T
1230 3930 1374 4012 secante'
1424 3936 1494 4005 lum
1508 3934 1552 4005 ob
1567 3938 1636 4007 aim
1650 3938 1798 4035 Vania
1814 3935 1872 4034 pri·

541 4062 601 4109 mo
619 4029 752 4109 suilinet
767 4040 838 4107 uim
859 4036 1031 4137 aequalem
1055 4034 1237 4113 secundum
1260 4030 1350 4113 suam
1374 4034 1618 4139 longitudinem
1638 4040 1728 4110 On:
1755 4054 1873 4139 praete·

538 4164 595 4211 rea
611 4164 694 4211 vero
718 4146 753 4209 in
777 4141 809 4209 O
836 4156 870 4209 et
894 4142 923 4209 A
946 4146 1034 4215 vires
1057 4146 1109 4240 op
1132 4160 1165 4213 et
1186 4144 1239 4243 nq
1260 4135 1300 4211 ad
1324 4164 1419 4213 axem
1441 4139 1609 4215 normales
1631 4145 1666 4218 in
1689 4135 1764 4237 ipso
1782 4140 1874 4241 plano

538 4238 686 4344 OAQ’,
713 4265 854 4342 quarum
871 4238 926 4310 illa
942 4244 996 4345 Op
1011 4241 1123 4317 versus
1141 4241 1257 4337 rQest
1272 4236 1409 4327 diretta,
1430 4242 1512 4313 haec
1530 4244 1613 4315 vero
1630 4244 1682 4343 Aq
1696 4238 1774 4312 inde
1789 4265 1875 4314 auer-
1919 4266 1922 4303 r

534 4382 568 4464 se
586 4416 598 4471 t
621 4392 858 4471 ambaeautent
875 4394 1047 4488 haeuuirea
1062 4390 1136 4468 sunt
1157 4388 1308 4496 aequales
1329 4410 1363 4465 et
1383 4390 1437 4494 Op
1448 4425 1489 4467 a:
1506 4396 1562 4499 Aq
1579 4426 1621 4466 =
1651 4342 1716 4518 g
1741 4396 1791 4462 vis
1806 4390 1879 4475 VQ.

1643 4514 1649 4529 ⁸
1747 4522 1878 4601 Deinde
