4092 5134
249 420 416 509 cinca
432 418 803 511 auant-rmum
826 422 1094 525 amantis
1115 426 1327 529 vuinus
1343 364 1421 521 ae.
1454 459 1524 547 127

173 614 382 711 celeritatem
394 636 564 717 'quaruque
580 639 638 710 per
654 609 818 711 spatium,
844 611 935 714 quod
952 620 1073 716 corpus
1090 644 1127 687 ea
1143 617 1312 693 celeritate
1331 622 1430 693 latum
1446 630 1520 697 uni-

171 710 333 803 formiter
349 711 527 787 intervallo
543 720 639 785 unius
657 721 774 786 minuti
793 712 925 787 secundi
948 738 1189 815 percurreret,
1218 719 1400 794 indicamus
1419 780 1428 809 ,
1459 750 1521 795 un·

173 812 216 890 de
232 823 344 916 utique
359 812 530 886 clariffima
547 814 724 887 celeritatis
743 815 815 887 idea
831 816 1009 891 obtinetur.
1062 820 1354 909 Quemadmodum
1371 850 1517 925 ergoet·

172 918 286 1011 letitas
303 924 336 990 in
358 942 483 1019 genere
504 916 550 991 ell
578 912 717 1018 spatium
743 944 810 989 uno
834 924 965 989 minuto
988 916 1133 993 secundo
1157 920 1375 1011 confetlum,
1405 934 1447 995 ita
1465 954 1519 996 cc·

171 1020 284 1097 leritas
300 1046 339 1090 an
367 1018 463 1091 ularis
483 1017 528 1089 esl
545 1017 682 1120 angulus
704 1046 772 1089 uno
797 1026 928 1091 minuto
954 1014 1100 1093 secundo
1122 1022 1322 1111 confec'lm,
1347 1026 1369 1095 si
1396 1024 1517 1099 scilicet

168 1141 284 1195 motus
303 1046 382 1195 esset
397 1116 583 1191 uuisormis.
635 1118 760 1219 Qrodsr
776 1140 885 1192 motus
900 1129 1090 1221 gyratorius
1115 1152 1183 1196 nou
1208 1122 1310 1197 fuerit
1327 1126 1518 1217 uniformis,

170 1230 215 1297 ita
230 1243 267 1294 nt
283 1228 402 1323 quovis
422 1216 599 1293 momento
616 1220 764 1293 celeritas
781 1223 945 1321 angularis
963 1222 1001 1294 lit
1021 1220 1148 1300 diversa
1169 1284 1179 1321 ,
1204 1226 1303 1299 simili
1329 1229 1435 1301 modo
1452 1256 1515 1327 pro

169 1332 291 1429 quovis
313 1324 442 1395 inllanti
464 1349 501 1394 ea
518 1328 722 1421 exprimetur
745 1326 897 1424 angulo,
931 1352 1034 1424 quein
1057 1353 1205 1429 corpus,
1229 1326 1312 1401 fico
1336 1350 1431 1402 motu
1456 1358 1517 1431 gv·

159 1432 301 1523 oratorio
314 1422 532 1497 uniformiter
547 1424 779 1496 revolveretur
798 1484 806 1512 ,
837 1454 904 1497 uuo
921 1436 1054 1499 minuto
1069 1424 1214 1501 secundo
1239 1428 1318 1502 essct
1333 1428 1516 1529 descriptu-

169 1546 258 1601 rum.
306 1530 357 1597 Ex
375 1529 440 1598 boc
455 1548 563 1597 autern
578 1529 811 1599 Theorernate
827 1550 938 1599 motus
953 1538 1144 1627 gyratorius
1169 1530 1347 1603 caniformis
1367 1532 1515 1630 perfodio

170 1624 411 1732 cognoscitur,
431 1654 499 1728 quo
518 1655 618 1699 omne
636 1655 756 1726 corpus
772 1628 944 1730 rigidum,
968 1629 1062 1700 uisra
1083 1631 1205 1702 viribus
1223 1640 1367 1703 extemis
1395 1632 1516 1704 sollici·

171 1748 263 1805 tetur
278 1789 287 1819 ,
314 1727 441 1802 seratur
455 1725 584 1802 necesse
598 1731 663 1818 ell3
689 1727 777 1801 irride
794 1751 904 1831 patet,
920 1738 1123 1829 principium
1140 1732 1378 1832 aequabilitatis
1404 1754 1516 1805 motus
1601 1766 1604 1781 ·

170 1839 292 1907 inertia
310 1838 459 1905 innixum
476 1829 628 1903 etiamad
655 1850 784 1903 motum
803 1840 1013 1933 gyratorium
1038 1859 1222 1934 corporum
1250 1832 1439 1935 rigidorum
1460 1861 1516 1905 ex·

170 1932 290 2024 tendi,
324 1928 512 2005 dummodo
536 1938 601 2003 axis
622 1938 807 2033 gyrationis
829 1934 867 2006 sit
894 1933 990 2017 fixus.
1033 1936 1155 2035 'Quare
1180 1938 1369 2007 invellioari
1391 1962 1516 2009 conve·

169 2038 267 2125 niet,
291 2054 412 2139 quanta
431 2042 463 2106 vi
478 2060 561 2136 opus
579 2032 616 2106 sn
629 2034 667 2105 ad
687 2062 781 2106 axem
802 2042 835 2107 in
853 2036 913 2107 litu
939 2032 999 2108 suo
1020 2034 1089 2109 fixo
1108 1999 1385 2110 conservandum

658 2158 956 2226 tannasara.
1008 2175 1033 2244 ς.

278 2276 354 2349 327.
381 2254 415 2323 si
440 2279 560 2352 corpus
587 2250 732 2337 rigidum
754 2261 841 2324 circa
868 2280 963 2323 axem
994 2252 1099 2325 fixum
1126 2250 1342 2326 arraifitrrniter
1365 2271 1516 2355 gyretur,

169 2350 314 2429 definire
330 2361 442 2441 vires,
469 2381 548 2457 quas
572 2344 638 2427 axis
657 2351 818 2442 sustinet,
842 2349 899 2426 seu
922 2380 1008 2457 quae
1034 2352 1186 2428 adhiberi
1211 2353 1361 2443 debent,
1388 2375 1424 2425 ut
1450 2358 1517 2425 axis

171 2462 208 2531 in
224 2454 283 2532 luo
298 2456 357 2533 satu
373 2451 601 2531 conservetur.

671 2557 1018 2631 SOLUTIO.

277 2655 517 2732 Consideretur
544 2684 665 2755 corpus
689 2662 814 2724 iterum
837 2662 872 2723 in
898 2651 952 2724 sua
976 2654 1139 2725 elementa
1154 2653 1324 2739 divisum,
1351 2680 1435 2750 qnae
1454 2652 1518 2723 sin·
1549 2668 1681 2769 Fig,29,

169 2756 247 2931 pult
264 2788 341 2830 curn
357 2785 415 2827 axe
433 2761 617 2854 gyrationis
635 2778 700 2851 ope
718 2751 856 2821 stlorurn
880 2747 940 2822 lint
966 2776 1144 2841 connexa,
1172 2775 1205 2825 et
1227 2759 1389 2853 quoniam
1410 2750 1518 2853 quod·

183 2888 193 2930 t

196 2862 252 2929 bet
274 2858 480 2930 elementum
505 2880 538 2926 m
559 2860 594 2925 in
610 2848 1022 2941 circulocircumsertur,
1054 2862 1147 2949 cujus
1173 2852 1283 2925 radius
1304 2852 1351 2925 est
1376 2859 1445 2947 ejus
1468 2850 1519 2923 di·

136 3016 138 3021 ·
167 2961 285 3035 slantia
311 2986 370 3031 nin
392 2957 430 3028 ab
451 2981 508 3028 axe
529 2958 611 3044 EF,
639 2955 769 3028 obvim
794 2950 1017 3053 centrifugam
1039 2948 1134 3053 supra
1151 2955 1452 3050 definitamv(213)‚
1476 2958 1517 3026 fi·
1562 3034 1566 3053 Ι

169 3060 242 3133 lum
262 3056 394 3147 tendet,
422 3076 574 3158 tantaque
591 3062 624 3127 vi
641 3082 737 3129 axem
753 3060 786 3126 in
803 3050 989 3126 diretflione
1005 3082 1069 3128 nm
1080 3052 1281 3129 sollicitabit.
1337 3053 1391 3126 nd
1414 3080 1515 3155 quarn
1684 3074 1698 3133 ι’

169 3161 299 3235 calculo
323 3157 574 3260 exprimendam
596 3156 636 3230 sat
655 3158 728 3231 ΑΜ
752 3149 886 3231 massula
908 3159 1004 3251 hujus
1027 3153 1208 3247 elementi,
1235 3164 1371 3256 citraque
1393 3157 1432 3228 ab
1455 3183 1516 3229 axe

167 3269 350 3367 gyrationis
363 3265 420 3335 EF
434 3254 659 3339 distantia‘mn
673 3286 768 3343 εκ,
792 3283 829 3328 ac
854 3256 1004 3330 celeritas
1020 3259 1185 3355 augularis
1196 3295 1234 3329 =
1253 3285 1300 3355 y,
1323 3265 1367 3328 ita
1387 3279 1423 3329 ut
1437 3284 1462 3350 y
1476 3258 1517 3329 fit

168 3365 308 3467 angulus
323 3364 459 3465 lingulis
478 3370 614 3434 minutis
630 3354 780 3433 secundia
799 3354 972 3431 confectus
988 3388 999 3447 3
1026 3366 1156 3460 eritque
1180 3359 1330 3431 celeritas
1355 3382 1421 3456 qua
1446 3357 1513 3429 ele·

168 3486 321 3541 mentum
337 3492 369 3539 m
385 3472 420 3537 in
435 3463 563 3537 circulo
581 3460 640 3534 suo
655 3458 896 3534 revolvitur:
912 3486 979 3553 yx.
1031 3460 1127 3531 Tum
1152 3458 1178 3532 si
1193 3488 1223 3561 g
1242 3456 1383 3533 denotet
1403 3455 1515 3530 altitu·

120 3580 129 3599 '
168 3564 310 3666 dinem,
330 3590 506 3667 perquam
524 3590 645 3663 corpus
662 3587 681 3634 a
703 3566 867 3665 gravitate
893 3558 1108 3639 sollicitatum
1123 3588 1194 3634 uno
1218 3569 1353 3634 minuto
1370 3554 1516 3632 secundo

1272 3694 1453 3767 77³de

148 3750 329 3828 ¹delabitur
348 3808 359 3842 ,
384 3756 449 3824 erit
463 3775 525 3851 per
545 3748 641 3849 (213)
658 3754 707 3823 vis
721 3740 908 3846 centrifuga
923 3742 1195 3847 hujusjelernenti
1208 3776 1249 3813 =
1271 3782 1443 3889 ''TgT
1477 3775 1518 3816 ε

165 3938 240 4054 [⁷.
279 3976 406 4066 de,
433 3978 488 4050 ubi
503 3974 530 4051 d
535 3974 580 4053 M
599 3972 643 4047 eu
658 3968 930 4073 pondusculurn,
958 3969 1051 4075 quod
1072 3968 1277 4048 elementario
1301 3969 1456 4065 corporis
1481 3968 1518 4035 in

157 4068 310 4245 'scagione
332 4147 440 4202 terrae
453 4125 494 4200 ad
511 4122 682 4201 meusirras
696 4120 857 4199 absolutas
873 4126 977 4200 eledla
991 4120 1071 4198 esset
1091 4124 1292 4195 habiturum.
1343 4119 1456 4219 Qare
1471 4112 1516 4187 ob

124 4276 127 4285 ·
165 4248 305 4309 motum
321 4232 418 4329 buius
441 4231 625 4316 elementi,
649 4225 731 4301 dum
753 4226 901 4304 versatur
916 4235 953 4301 in
973 4254 1032 4316 m,
1062 4232 1130 4299 axis
1153 4228 1209 4297 EF
1234 4222 1368 4297 sullinet
1391 4225 1459 4289 vim
1477 4245 1518 4287 π

165 4362 229 4441 97

166 4456 236 4477 -.
275 4402 405 4491 de,
440 4432 505 4507 qua
524 4402 705 4481 secundmn
726 4403 955 4509 ,directionem
975 4430 1036 4481 nm
1067 4399 1288 4477 sollicitatur:
1323 4414 1359 4469 et
1379 4413 1456 4463 cum
1477 4382 1516 4455 ab

173 4498 218 4561 ‚g
1360 4537 1516 4613 omnibus
