<?xml version="1.0" encoding="UTF-8"?>
<!DOCTYPE html PUBLIC "-//W3C//DTD XHTML 1.0 Transitional//EN"
    "http://www.w3.org/TR/xhtml1/DTD/xhtml1-transitional.dtd">
<html xmlns="http://www.w3.org/1999/xhtml" xml:lang="en" lang="en">
 <head>
  <title>
</title>
<meta http-equiv="Content-Type" content="text/html;charset=utf-8" />
  <meta name='ocr-system' content='tesseract 3.04.00' />
  <meta name='ocr-capabilities' content='ocr_page ocr_carea ocr_par ocr_line ocrx_word'/>
</head>
<body>
  <div class='ocr_page' id='page_1' title='image "./theoriamotvscor00eulegoog/theoriamotvscor00eulegoog_0360.png"; bbox 0 0 4092 5134; ppageno 0'>
   <div class='ocr_carea' id='block_1_1' title="bbox 343 381 1668 532">
    <p class='ocr_par' dir='ltr' id='par_1_1' title="bbox 343 381 1668 532">
     <span class='ocr_line' id='line_1_1' title="bbox 343 381 1668 532; baseline 0.005 -27"><span class='ocrx_word' id='word_1_1' title='bbox 343 434 375 501; x_wconf 85' lang='lat'>·.</span> <span class='ocrx_word' id='word_1_2' title='bbox 427 405 772 510; x_wconf 75' lang='lat' dir='ltr'>&#39;arorrroruar¹</span> <span class='ocrx_word' id='word_1_3' title='bbox 786 400 1110 509; x_wconf 78' lang='lat' dir='ltr'>uromoeun</span> <span class='ocrx_word' id='word_1_4' title='bbox 1142 381 1421 515; x_wconf 78' lang='lat' dir='ltr'>avianus</span> <span class='ocrx_word' id='word_1_5' title='bbox 1451 422 1531 517; x_wconf 74' lang='lat' dir='ltr'>ue,</span> <span class='ocrx_word' id='word_1_6' title='bbox 1601 451 1668 532; x_wconf 75' lang='lat' dir='ltr'>us</span> 
     </span>
    </p>
   </div>
   <div class='ocr_carea' id='block_1_2' title="bbox 312 607 1669 1323">
    <p class='ocr_par' dir='ltr' id='par_1_2' title="bbox 312 607 1669 1323">
     <span class='ocr_line' id='line_1_2' title="bbox 321 607 1669 714; baseline -0.001 -27"><span class='ocrx_word' id='word_1_7' title='bbox 321 608 804 714; x_wconf 73' lang='lat' dir='ltr'>mumanolelliae[implicare</span> <span class='ocrx_word' id='word_1_8' title='bbox 825 607 933 684; x_wconf 92' lang='lat' dir='ltr'>solent</span> <span class='ocrx_word' id='word_1_9' title='bbox 948 612 966 698; x_wconf 86' lang='lat'>¹,</span> <span class='ocrx_word' id='word_1_10' title='bbox 1003 611 1060 681; x_wconf 80' lang='lat' dir='ltr'>liic</span> <span class='ocrx_word' id='word_1_11' title='bbox 1079 636 1132 682; x_wconf 89' lang='lat' dir='ltr'>eas</span> <span class='ocrx_word' id='word_1_12' title='bbox 1156 607 1246 701; x_wconf 78' lang='lat' dir='ltr'>qirali</span> <span class='ocrx_word' id='word_1_13' title='bbox 1278 611 1315 684; x_wconf 92' lang='lat' dir='ltr'>in</span> <span class='ocrx_word' id='word_1_14' title='bbox 1338 634 1444 685; x_wconf 90' lang='lat' dir='ltr'>unum</span> <span class='ocrx_word' id='word_1_15' title='bbox 1465 612 1669 685; x_wconf 85' lang='lat' dir='ltr'>contrahens</span> 
     </span>
     <span class='ocr_line' id='line_1_3' title="bbox 319 710 1668 814; baseline -0.002 -25"><span class='ocrx_word' id='word_1_16' title='bbox 319 716 406 789; x_wconf 80' lang='lat' dir='ltr'>hanc</span> <span class='ocrx_word' id='word_1_17' title='bbox 425 718 615 793; x_wconf 88' lang='lat' dir='ltr'>Theoriam</span> <span class='ocrx_word' id='word_1_18' title='bbox 641 723 915 813; x_wconf 68' lang='lat' dir='ltr'>iralproponam,</span> <span class='ocrx_word' id='word_1_19' title='bbox 936 732 971 787; x_wconf 88' lang='lat' dir='ltr'>ut</span> <span class='ocrx_word' id='word_1_20' title='bbox 1001 719 1104 784; x_wconf 90' lang='lat' dir='ltr'>unico</span> <span class='ocrx_word' id='word_1_21' title='bbox 1119 718 1286 812; x_wconf 90' lang='lat' dir='ltr'>principio</span> <span class='ocrx_word' id='word_1_22' title='bbox 1299 710 1424 797; x_wconf 88' lang='lat' dir='ltr'>absolvi</span> <span class='ocrx_word' id='word_1_23' title='bbox 1439 713 1545 814; x_wconf 85' lang='lat' dir='ltr'>pollit.</span> <span class='ocrx_word' id='word_1_24' title='bbox 1578 718 1668 787; x_wconf 90' lang='lat' dir='ltr'>&#39;Sta-</span> 
     </span>
     <span class='ocr_line' id='line_1_4' title="bbox 318 809 1667 917; baseline 0 -29"><span class='ocrx_word' id='word_1_25' title='bbox 318 822 379 888; x_wconf 89' lang='lat' dir='ltr'>tim</span> <span class='ocrx_word' id='word_1_26' title='bbox 394 815 532 917; x_wconf 89' lang='lat' dir='ltr'>quidem</span> <span class='ocrx_word' id='word_1_27' title='bbox 549 820 616 888; x_wconf 92' lang='lat' dir='ltr'>hoc</span> <span class='ocrx_word' id='word_1_28' title='bbox 628 813 771 888; x_wconf 81' lang='lat' dir='ltr'>faciliori</span> <span class='ocrx_word' id='word_1_29' title='bbox 786 814 893 888; x_wconf 88' lang='lat' dir='ltr'>modo</span> <span class='ocrx_word' id='word_1_30' title='bbox 910 819 959 885; x_wconf 90' lang='lat' dir='ltr'>uti</span> <span class='ocrx_word' id='word_1_31' title='bbox 973 809 1153 909; x_wconf 82' lang='lat' dir='ltr'>potuissem</span> <span class='ocrx_word' id='word_1_32' title='bbox 1169 871 1179 900; x_wconf 91' lang='lat'><strong>‚</strong></span> <span class='ocrx_word' id='word_1_33' title='bbox 1205 813 1317 915; x_wconf 85' lang='lat' dir='ltr'>licque</span> <span class='ocrx_word' id='word_1_34' title='bbox 1332 841 1404 886; x_wconf 91' lang='lat' dir='ltr'>non</span> <span class='ocrx_word' id='word_1_35' title='bbox 1420 815 1508 887; x_wconf 88' lang='lat' dir='ltr'>leves</span> <span class='ocrx_word' id='word_1_36' title='bbox 1524 814 1667 888; x_wconf 85' lang='lat' dir='ltr'>difficul-</span> 
     </span>
     <span class='ocr_line' id='line_1_5' title="bbox 317 912 1669 1020; baseline -0.001 -30"><span class='ocrx_word' id='word_1_37' title='bbox 317 936 401 991; x_wconf 83' lang='lat' dir='ltr'>tates</span> <span class='ocrx_word' id='word_1_38' title='bbox 414 923 451 989; x_wconf 94' lang='lat' dir='ltr'>in</span> <span class='ocrx_word' id='word_1_39' title='bbox 468 914 630 1018; x_wconf 79' lang='lat' dir='ltr'>superiori</span> <span class='ocrx_word' id='word_1_40' title='bbox 645 918 839 991; x_wconf 65' lang='lat' dir='ltr'>rutilatione</span> <span class='ocrx_word' id='word_1_41' title='bbox 853 929 1079 988; x_wconf 86' lang='lat' dir='ltr'>&#39;occurrentes</span> <span class='ocrx_word' id='word_1_42' title='bbox 1106 912 1310 988; x_wconf 82' lang='lat' dir='ltr'>evitavilsem</span> <span class='ocrx_word' id='word_1_43' title='bbox 1326 945 1337 1013; x_wconf 82' lang='lat'>3</span> <span class='ocrx_word' id='word_1_44' title='bbox 1370 944 1489 989; x_wconf 90' lang='lat' dir='ltr'>verum</span> <span class='ocrx_word' id='word_1_45' title='bbox 1509 924 1545 991; x_wconf 91' lang='lat' dir='ltr'>in</span> <span class='ocrx_word' id='word_1_46' title='bbox 1568 945 1669 1020; x_wconf 55' lang='lat' dir='ltr'>arguq</span> 
     </span>
     <span class='ocr_line' id='line_1_6' title="bbox 313 1012 1660 1121; baseline 0 -28"><span class='ocrx_word' id='word_1_47' title='bbox 313 1038 435 1101; x_wconf 82' lang='lat' dir='ltr'>mento</span> <span class='ocrx_word' id='word_1_48' title='bbox 449 1016 557 1097; x_wconf 82' lang='lat' dir='ltr'>adhuc</span> <span class='ocrx_word' id='word_1_49' title='bbox 572 1038 640 1091; x_wconf 85' lang='lat' dir='ltr'>tarn</span> <span class='ocrx_word' id='word_1_50' title='bbox 656 1046 773 1121; x_wconf 83' lang='lat' dir='ltr'>par-um</span> <span class='ocrx_word' id='word_1_51' title='bbox 799 1016 939 1091; x_wconf 76' lang='lat' dir='ltr'>tradlato</span> <span class='ocrx_word' id='word_1_52' title='bbox 964 1012 1053 1088; x_wconf 86' lang='lat' dir='ltr'>haud</span> <span class='ocrx_word' id='word_1_53' title='bbox 1077 1022 1301 1119; x_wconf 83' lang='lat' dir='ltr'>incongruum</span> <span class='ocrx_word' id='word_1_54' title='bbox 1318 1015 1425 1090; x_wconf 91' lang='lat' dir='ltr'>visum</span> <span class='ocrx_word' id='word_1_55' title='bbox 1442 1020 1507 1105; x_wconf 85' lang='lat' dir='ltr'>eli,</span> <span class='ocrx_word' id='word_1_56' title='bbox 1524 1024 1660 1093; x_wconf 85' lang='lat' dir='ltr'>metlro·</span> 
     </span>
     <span class='ocr_line' id='line_1_7' title="bbox 313 1116 1664 1221; baseline 0.003 -28"><span class='ocrx_word' id='word_1_57' title='bbox 313 1116 396 1195; x_wconf 86' lang='lat' dir='ltr'>dum</span> <span class='ocrx_word' id='word_1_58' title='bbox 413 1118 645 1221; x_wconf 81' lang='lat' dir='ltr'>operoliorem</span> <span class='ocrx_word' id='word_1_59' title='bbox 658 1142 690 1195; x_wconf 91' lang='lat' dir='ltr'>et</span> <span class='ocrx_word' id='word_1_60' title='bbox 703 1120 924 1219; x_wconf 83' lang='lat' dir='ltr'>prolixiorem</span> <span class='ocrx_word' id='word_1_61' title='bbox 940 1125 1177 1216; x_wconf 83' lang='lat' dir='ltr'>praemittere,</span> <span class='ocrx_word' id='word_1_62' title='bbox 1206 1146 1275 1219; x_wconf 90' lang='lat' dir='ltr'>quo</span> <span class='ocrx_word' id='word_1_63' title='bbox 1290 1118 1338 1193; x_wconf 81' lang='lat' dir='ltr'>sua</span> <span class='ocrx_word' id='word_1_64' title='bbox 1365 1121 1437 1195; x_wconf 91' lang='lat' dir='ltr'>ulae</span> <span class='ocrx_word' id='word_1_65' title='bbox 1453 1128 1612 1195; x_wconf 87' lang='lat' dir='ltr'>notiones</span> <span class='ocrx_word' id='word_1_66' title='bbox 1626 1128 1664 1197; x_wconf 88' lang='lat' dir='ltr'>iu</span> 
     </span>
     <span class='ocr_line' id='line_1_8' title="bbox 312 1148 1664 1323; baseline 0 -28"><span class='ocrx_word' id='word_1_67' title='bbox 312 1248 350 1295; x_wconf 87' lang='lat' dir='ltr'>re</span> <span class='ocrx_word' id='word_1_68' title='bbox 366 1249 455 1322; x_wconf 88' lang='lat' dir='ltr'>pene</span> <span class='ocrx_word' id='word_1_69' title='bbox 472 1249 560 1296; x_wconf 85' lang='lat' dir='ltr'>nova</span> <span class='ocrx_word' id='word_1_70' title='bbox 575 1231 688 1295; x_wconf 87' lang='lat' dir='ltr'>animo</span> <span class='ocrx_word' id='word_1_71' title='bbox 705 1221 835 1295; x_wconf 85' lang='lat' dir='ltr'>firmius</span> <span class='ocrx_word' id='word_1_72' title='bbox 852 1225 1109 1321; x_wconf 83' lang='lat' dir='ltr'>imprimantur,</span> <span class='ocrx_word' id='word_1_73' title='bbox 1142 1216 1297 1322; x_wconf 80' lang='lat' dir='ltr'>ipsaeque</span> <span class='ocrx_word' id='word_1_74' title='bbox 1328 1148 1537 1296; x_wconf 59' lang='lat' dir='ltr'>difficultates</span> <span class='ocrx_word' id='word_1_75' title='bbox 1554 1276 1565 1317; x_wconf 92' lang='lat'>,</span> <span class='ocrx_word' id='word_1_76' title='bbox 1590 1230 1664 1323; x_wconf 91' lang='lat' dir='ltr'>qui·</span> 
     </span>
    </p>
   </div>
   <div class='ocr_carea' id='block_1_3' title="bbox 310 1318 1753 1632">
    <p class='ocr_par' dir='ltr' id='par_1_3' title="bbox 310 1318 1753 1632">
     <span class='ocr_line' id='line_1_9' title="bbox 313 1318 1663 1424; baseline 0.001 -30"><span class='ocrx_word' id='word_1_77' title='bbox 313 1322 372 1409; x_wconf 79' lang='lat' dir='ltr'>bue</span> <span class='ocrx_word' id='word_1_78' title='bbox 390 1324 475 1396; x_wconf 82' lang='lat' dir='ltr'>liaec</span> <span class='ocrx_word' id='word_1_79' title='bbox 490 1350 564 1424; x_wconf 85' lang='lat' dir='ltr'>pars</span> <span class='ocrx_word' id='word_1_80' title='bbox 589 1326 807 1398; x_wconf 85' lang='lat' dir='ltr'>Mechauicae</span> <span class='ocrx_word' id='word_1_81' title='bbox 832 1318 942 1395; x_wconf 82' lang='lat' dir='ltr'>adhuc</span> <span class='ocrx_word' id='word_1_82' title='bbox 966 1318 1117 1395; x_wconf 87' lang='lat' dir='ltr'>involuta</span> <span class='ocrx_word' id='word_1_83' title='bbox 1145 1320 1342 1407; x_wconf 81' lang='lat' dir='ltr'>videbatur,</span> <span class='ocrx_word' id='word_1_84' title='bbox 1364 1322 1564 1396; x_wconf 86' lang='lat' dir='ltr'>luculentius</span> <span class='ocrx_word' id='word_1_85' title='bbox 1585 1350 1663 1423; x_wconf 89' lang='lat' dir='ltr'>per·</span> 
     </span>
     <span class='ocr_line' id='line_1_10' title="bbox 312 1420 1753 1525; baseline 0.001 -30"><span class='ocrx_word' id='word_1_86' title='bbox 312 1420 505 1525; x_wconf 84' lang='lat' dir='ltr'>spiciantur.</span> <span class='ocrx_word' id='word_1_87' title='bbox 564 1424 685 1498; x_wconf 92' lang='lat' dir='ltr'>Nihilo</span> <span class='ocrx_word' id='word_1_88' title='bbox 707 1451 790 1498; x_wconf 87' lang='lat' dir='ltr'>vero</span> <span class='ocrx_word' id='word_1_89' title='bbox 815 1431 924 1497; x_wconf 86' lang='lat' dir='ltr'>minus</span> <span class='ocrx_word' id='word_1_90' title='bbox 947 1426 1015 1495; x_wconf 89' lang='lat' dir='ltr'>hoc</span> <span class='ocrx_word' id='word_1_91' title='bbox 1045 1443 1281 1525; x_wconf 83' lang='lat' dir='ltr'>argumentum</span> <span class='ocrx_word' id='word_1_92' title='bbox 1306 1426 1362 1496; x_wconf 89' lang='lat' dir='ltr'>hic</span> <span class='ocrx_word' id='word_1_93' title='bbox 1413 1424 1477 1497; x_wconf 85' lang='lat' dir='ltr'>uasr</span> <span class='ocrx_word' id='word_1_94' title='bbox 1503 1424 1546 1496; x_wconf 90' lang='lat' dir='ltr'>de</span> <span class='ocrx_word' id='word_1_95' title='bbox 1568 1453 1662 1498; x_wconf 88' lang='lat' dir='ltr'>novo</span> <span class='ocrx_word' id='word_1_96' title='bbox 1745 1439 1753 1455; x_wconf 69' lang='lat'><em>¹</em></span> 
     </span>
     <span class='ocr_line' id='line_1_11' title="bbox 310 1452 1663 1632; baseline -0.001 -31"><span class='ocrx_word' id='word_1_97' title='bbox 310 1526 548 1631; x_wconf 69' lang='lat' dir='ltr'>pertreiiebo,</span> <span class='ocrx_word' id='word_1_98' title='bbox 574 1554 688 1632; x_wconf 81' lang='lat' dir='ltr'>neque</span> <span class='ocrx_word' id='word_1_99' title='bbox 701 1553 741 1601; x_wconf 85' lang='lat' dir='ltr'>ex</span> <span class='ocrx_word' id='word_1_100' title='bbox 755 1527 913 1602; x_wconf 81' lang='lat' dir='ltr'>hadlenur</span> <span class='ocrx_word' id='word_1_101' title='bbox 929 1524 1034 1600; x_wconf 81' lang='lat' dir='ltr'>allatis</span> <span class='ocrx_word' id='word_1_102' title='bbox 1056 1532 1237 1631; x_wconf 86' lang='lat' dir='ltr'>quicquam</span> <span class='ocrx_word' id='word_1_103' title='bbox 1261 1532 1298 1599; x_wconf 90' lang='lat' dir='ltr'>in</span> <span class='ocrx_word' id='word_1_104' title='bbox 1319 1452 1663 1627; x_wconf 20' lang='lat' dir='ltr'>sublidiurnuvocabo.</span> 
     </span>
    </p>
   </div>
   <div class='ocr_carea' id='block_1_4' title="bbox 779 1722 1192 1822">
    <p class='ocr_par' dir='ltr' id='par_1_4' title="bbox 779 1722 1192 1822">
     <span class='ocr_line' id='line_1_12' title="bbox 779 1722 1192 1822; baseline -0.002 -24"><span class='ocrx_word' id='word_1_105' title='bbox 779 1722 1103 1822; x_wconf 63' lang='lat' dir='ltr'>SCflOLIOM</span> <span class='ocrx_word' id='word_1_106' title='bbox 1162 1744 1192 1797; x_wconf 80' lang='lat' dir='ltr'>a</span> 
     </span>
    </p>
   </div>
   <div class='ocr_carea' id='block_1_5' title="bbox 308 1878 1755 4116">
    <p class='ocr_par' dir='ltr' id='par_1_5' title="bbox 308 1878 1755 4116">
     <span class='ocr_line' id='line_1_13' title="bbox 342 1878 1661 1991; baseline 0 -31"><span class='ocrx_word' id='word_1_107' title='bbox 342 1955 345 1975; x_wconf 39' lang='grc' dir='ltr'>ι</span> <span class='ocrx_word' id='word_1_108' title='bbox 424 1900 505 1982; x_wconf 79' lang='lat'>790.</span> <span class='ocrx_word' id='word_1_109' title='bbox 530 1888 619 1960; x_wconf 88' lang='lat' dir='ltr'>Cum</span> <span class='ocrx_word' id='word_1_110' title='bbox 636 1890 737 1987; x_wconf 86' lang='lat' dir='ltr'>igitur</span> <span class='ocrx_word' id='word_1_111' title='bbox 755 1902 866 1959; x_wconf 87' lang='lat' dir='ltr'>totum</span> <span class='ocrx_word' id='word_1_112' title='bbox 878 1890 1059 1986; x_wconf 83' lang='lat' dir='ltr'>negotium</span> <span class='ocrx_word' id='word_1_113' title='bbox 1076 1883 1143 1979; x_wconf 83' lang='lat' dir='ltr'>luae</span> <span class='ocrx_word' id='word_1_114' title='bbox 1159 1878 1339 1961; x_wconf 82' lang='lat' dir='ltr'>reducatur</span> <span class='ocrx_word' id='word_1_115' title='bbox 1350 1886 1367 1977; x_wconf 70' lang='lat'>¹,</span> <span class='ocrx_word' id='word_1_116' title='bbox 1395 1902 1432 1960; x_wconf 90' lang='lat' dir='ltr'>ut</span> <span class='ocrx_word' id='word_1_117' title='bbox 1445 1902 1587 1991; x_wconf 86' lang='lat' dir='ltr'>quantae</span> <span class='ocrx_word' id='word_1_118' title='bbox 1604 1910 1661 1960; x_wconf 63' lang='lat' dir='ltr'>rac</span> 
     </span>
     <span class='ocr_line' id='line_1_14' title="bbox 310 1984 1661 2092; baseline -0.001 -31"><span class='ocrx_word' id='word_1_119' title='bbox 310 1988 472 2064; x_wconf 87' lang='lat' dir='ltr'>riationes</span> <span class='ocrx_word' id='word_1_120' title='bbox 492 1998 525 2060; x_wconf 91' lang='lat' dir='ltr'>in</span> <span class='ocrx_word' id='word_1_121' title='bbox 541 1996 710 2090; x_wconf 82' lang='lat' dir='ltr'>quaternis</span> <span class='ocrx_word' id='word_1_122' title='bbox 733 1993 927 2060; x_wconf 87' lang='lat' dir='ltr'>memoratis</span> <span class='ocrx_word' id='word_1_123' title='bbox 943 1988 1040 2059; x_wconf 89' lang='lat' dir='ltr'>rebus</span> <span class='ocrx_word' id='word_1_124' title='bbox 1057 2014 1075 2059; x_wconf 87' lang='lat' dir='ltr'>a</span> <span class='ocrx_word' id='word_1_125' title='bbox 1090 1984 1173 2060; x_wconf 80' lang='lat' dir='ltr'>datis</span> <span class='ocrx_word' id='word_1_126' title='bbox 1189 1990 1312 2062; x_wconf 86' lang='lat' dir='ltr'>viribus</span> <span class='ocrx_word' id='word_1_127' title='bbox 1325 1988 1576 2092; x_wconf 86' lang='lat' dir='ltr'>producantur,</span> <span class='ocrx_word' id='word_1_128' title='bbox 1603 1987 1661 2060; x_wconf 82' lang='lat' dir='ltr'>de&#39;·</span> 
     </span>
     <span class='ocr_line' id='line_1_15' title="bbox 309 2086 1662 2192; baseline -0.001 -29"><span class='ocrx_word' id='word_1_129' title='bbox 309 2088 445 2185; x_wconf 85' lang='lat' dir='ltr'>liniatur</span> <span class='ocrx_word' id='word_1_130' title='bbox 468 2116 478 2187; x_wconf 82' lang='lat'>3</span> <span class='ocrx_word' id='word_1_131' title='bbox 510 2097 671 2192; x_wconf 86' lang='lat' dir='ltr'>quoniam</span> <span class='ocrx_word' id='word_1_132' title='bbox 696 2086 875 2161; x_wconf 86' lang='lat' dir='ltr'>methodus</span> <span class='ocrx_word' id='word_1_133' title='bbox 900 2086 1028 2162; x_wconf 73' lang='lat' dir='ltr'>diresin</span> <span class='ocrx_word' id='word_1_134' title='bbox 1051 2092 1120 2160; x_wconf 84' lang='lat' dir='ltr'>lroc</span> <span class='ocrx_word' id='word_1_135' title='bbox 1134 2088 1329 2189; x_wconf 83' lang='lat' dir='ltr'>¹praeliandi</span> <span class='ocrx_word' id='word_1_136' title='bbox 1352 2111 1555 2192; x_wconf 89' lang='lat' dir='ltr'>nou-patet,</span> <span class='ocrx_word' id='word_1_137' title='bbox 1587 2097 1662 2163; x_wconf 81' lang='lat' dir='ltr'>uice</span> 
     </span>
     <span class='ocr_line' id='line_1_16' title="bbox 312 2188 1663 2293; baseline 0.001 -30"><span class='ocrx_word' id='word_1_138' title='bbox 312 2188 407 2289; x_wconf 73' lang='lat' dir='ltr'>versa</span> <span class='ocrx_word' id='word_1_139' title='bbox 427 2199 575 2293; x_wconf 85' lang='lat' dir='ltr'>primum</span> <span class='ocrx_word' id='word_1_140' title='bbox 594 2197 730 2265; x_wconf 81' lang='lat' dir='ltr'>invites</span> <span class='ocrx_word' id='word_1_141' title='bbox 751 2197 916 2291; x_wconf 84' lang='lat' dir='ltr'>inquiram</span> <span class='ocrx_word' id='word_1_142' title='bbox 934 2249 944 2280; x_wconf 92' lang='lat'>‚</span> <span class='ocrx_word' id='word_1_143' title='bbox 975 2214 1059 2289; x_wconf 89' lang='lat' dir='ltr'>quae</span> <span class='ocrx_word' id='word_1_144' title='bbox 1078 2190 1119 2262; x_wconf 86' lang='lat' dir='ltr'>ad</span> <span class='ocrx_word' id='word_1_145' title='bbox 1140 2188 1231 2263; x_wconf 89' lang='lat' dir='ltr'>datas</span> <span class='ocrx_word' id='word_1_146' title='bbox 1255 2194 1454 2266; x_wconf 83' lang='lat' dir='ltr'>variationes</span> <span class='ocrx_word' id='word_1_147' title='bbox 1473 2213 1663 2266; x_wconf 70' lang='lat' dir='ltr'>ruomentu</span> 
     </span>
     <span class='ocr_line' id='line_1_17' title="bbox 309 2286 1660 2397; baseline 0 -30"><span class='ocrx_word' id='word_1_148' title='bbox 309 2318 389 2371; x_wconf 82' lang='lat' dir='ltr'>neas</span> <span class='ocrx_word' id='word_1_149' title='bbox 400 2290 639 2393; x_wconf 79' lang='lat' dir='ltr'>&#39;producendas</span> <span class='ocrx_word' id='word_1_150' title='bbox 656 2286 958 2383; x_wconf 67' lang='lat' dir='ltr'>intumulatur,</span> <span class='ocrx_word' id='word_1_151' title='bbox 994 2309 1028 2363; x_wconf 90' lang='lat' dir='ltr'>ut</span> <span class='ocrx_word' id='word_1_152' title='bbox 1048 2294 1127 2362; x_wconf 86' lang='lat' dir='ltr'>hinc</span> <span class='ocrx_word' id='word_1_153' title='bbox 1141 2288 1278 2363; x_wconf 87' lang='lat' dir='ltr'>viciiliin</span> <span class='ocrx_word' id='word_1_154' title='bbox 1297 2292 1338 2364; x_wconf 93' lang='lat' dir='ltr'>ad</span> <span class='ocrx_word' id='word_1_155' title='bbox 1355 2291 1388 2365; x_wconf 94' lang='lat' dir='ltr'>id</span> <span class='ocrx_word' id='word_1_156' title='bbox 1409 2352 1420 2381; x_wconf 95' lang='lat'>,</span> <span class='ocrx_word' id='word_1_157' title='bbox 1453 2294 1545 2395; x_wconf 90' lang='lat' dir='ltr'>quod</span> <span class='ocrx_word' id='word_1_158' title='bbox 1559 2318 1660 2397; x_wconf 88' lang='lat' dir='ltr'>quae·</span> 
     </span>
     <span class='ocr_line' id='line_1_18' title="bbox 309 2396 1741 2496; baseline -0.001 -27"><span class='ocrx_word' id='word_1_159' title='bbox 309 2402 427 2484; x_wconf 87' lang='lat' dir='ltr'>rimus,</span> <span class='ocrx_word' id='word_1_160' title='bbox 449 2400 574 2468; x_wconf 83' lang='lat' dir='ltr'>reverti</span> <span class='ocrx_word' id='word_1_161' title='bbox 592 2414 760 2494; x_wconf 85' lang='lat' dir='ltr'>queamus.</span> <span class='ocrx_word' id='word_1_162' title='bbox 817 2396 861 2463; x_wconf 91' lang='lat' dir='ltr'>Et</span> <span class='ocrx_word' id='word_1_163' title='bbox 879 2416 955 2464; x_wconf 84' lang='lat' dir='ltr'>etun</span> <span class='ocrx_word' id='word_1_164' title='bbox 973 2396 1111 2483; x_wconf 81' lang='lat' dir='ltr'>variatio</span> <span class='ocrx_word' id='word_1_165' title='bbox 1134 2397 1168 2463; x_wconf 85' lang='lat' dir='ltr'>itt</span> <span class='ocrx_word' id='word_1_166' title='bbox 1186 2412 1281 2467; x_wconf 80' lang='lat' dir='ltr'>ariotu</span> <span class='ocrx_word' id='word_1_167' title='bbox 1296 2400 1401 2467; x_wconf 86' lang='lat' dir='ltr'>centri</span> <span class='ocrx_word' id='word_1_168' title='bbox 1420 2402 1561 2469; x_wconf 87' lang='lat' dir='ltr'>inertiae</span> <span class='ocrx_word' id='word_1_169' title='bbox 1582 2418 1661 2496; x_wconf 83' lang='lat' dir='ltr'>pro·</span> <span class='ocrx_word' id='word_1_170' title='bbox 1737 2434 1741 2446; x_wconf 52' lang='grc' dir='ltr'><em>ι</em></span> 
     </span>
     <span class='ocr_line' id='line_1_19' title="bbox 310 2488 1656 2596; baseline 0 -27"><span class='ocrx_word' id='word_1_171' title='bbox 310 2495 407 2570; x_wconf 71' lang='grc' dir='ltr'>ᾱιιᾶτι</span> <span class='ocrx_word' id='word_1_172' title='bbox 425 2496 509 2569; x_wconf 85' lang='lat' dir='ltr'>nilril</span> <span class='ocrx_word' id='word_1_173' title='bbox 526 2498 643 2570; x_wconf 85' lang='lat' dir='ltr'>habeut</span> <span class='ocrx_word' id='word_1_174' title='bbox 656 2492 877 2581; x_wconf 82' lang='lat' dir='ltr'>difficultatis,</span> <span class='ocrx_word' id='word_1_175' title='bbox 900 2493 933 2566; x_wconf 92' lang='lat' dir='ltr'>id</span> <span class='ocrx_word' id='word_1_176' title='bbox 950 2488 1107 2595; x_wconf 80' lang='lat' dir='ltr'>tanquam</span> <span class='ocrx_word' id='word_1_177' title='bbox 1119 2500 1153 2564; x_wconf 91' lang='lat' dir='ltr'>in</span> <span class='ocrx_word' id='word_1_178' title='bbox 1172 2501 1283 2595; x_wconf 86' lang='lat' dir='ltr'>quiere</span> <span class='ocrx_word' id='word_1_179' title='bbox 1299 2492 1473 2596; x_wconf 71' lang='lat' dir='ltr'>spedab03</span> <span class='ocrx_word' id='word_1_180' title='bbox 1500 2518 1533 2569; x_wconf 92' lang='lat' dir='ltr'>et</span> <span class='ocrx_word' id='word_1_181' title='bbox 1547 2506 1656 2591; x_wconf 77' lang='lat' dir='ltr'>cujus·</span> 
     </span>
     <span class='ocr_line' id='line_1_20' title="bbox 308 2594 1656 2698; baseline -0.001 -27"><span class='ocrx_word' id='word_1_182' title='bbox 308 2596 404 2671; x_wconf 85' lang='lat' dir='ltr'>modi</span> <span class='ocrx_word' id='word_1_183' title='bbox 430 2604 516 2670; x_wconf 85' lang='lat' dir='ltr'>vires</span> <span class='ocrx_word' id='word_1_184' title='bbox 536 2606 771 2698; x_wconf 88' lang='lat' dir='ltr'>requirantur,</span> <span class='ocrx_word' id='word_1_185' title='bbox 797 2594 999 2695; x_wconf 86' lang='lat' dir='ltr'>investigabo</span> <span class='ocrx_word' id='word_1_186' title='bbox 1021 2653 1031 2681; x_wconf 94' lang='lat'>,</span> <span class='ocrx_word' id='word_1_187' title='bbox 1067 2615 1194 2666; x_wconf 83' lang='lat' dir='ltr'>uttam</span> <span class='ocrx_word' id='word_1_188' title='bbox 1220 2603 1284 2667; x_wconf 81' lang='lat' dir='ltr'>axis</span> <span class='ocrx_word' id='word_1_189' title='bbox 1312 2600 1530 2696; x_wconf 77' lang='lat' dir='ltr'>gyratiouis,</span> <span class='ocrx_word' id='word_1_190' title='bbox 1567 2605 1656 2669; x_wconf 88' lang='lat' dir='ltr'>circa</span> 
     </span>
     <span class='ocr_line' id='line_1_21' title="bbox 309 2692 1657 2801; baseline 0 -29"><span class='ocrx_word' id='word_1_191' title='bbox 309 2722 410 2801; x_wconf 87' lang='lat' dir='ltr'>quern</span> <span class='ocrx_word' id='word_1_192' title='bbox 425 2724 546 2799; x_wconf 90' lang='lat' dir='ltr'>corpus</span> <span class='ocrx_word' id='word_1_193' title='bbox 558 2706 624 2794; x_wconf 81' lang='lat' dir='ltr'>jam</span> <span class='ocrx_word' id='word_1_194' title='bbox 642 2716 796 2799; x_wconf 77' lang='lat' dir='ltr'>gyratur,</span> <span class='ocrx_word' id='word_1_195' title='bbox 815 2720 915 2798; x_wconf 83' lang='lat' dir='ltr'>quarn</span> <span class='ocrx_word' id='word_1_196' title='bbox 933 2692 1082 2768; x_wconf 72' lang='lat' dir='ltr'>celeritas</span> <span class='ocrx_word' id='word_1_197' title='bbox 1099 2697 1279 2795; x_wconf 81' lang='lat' dir='ltr'>angularis,</span> <span class='ocrx_word' id='word_1_198' title='bbox 1296 2696 1507 2797; x_wconf 88' lang='lat' dir='ltr'>tempusculo</span> <span class='ocrx_word' id='word_1_199' title='bbox 1523 2698 1657 2773; x_wconf 83' lang='lat' dir='ltr'>infinite</span> 
     </span>
     <span class='ocr_line' id='line_1_22' title="bbox 310 2794 1660 2903; baseline 0.001 -32"><span class='ocrx_word' id='word_1_200' title='bbox 310 2827 415 2903; x_wconf 82' lang='lat' dir='ltr'>parvo</span> <span class='ocrx_word' id='word_1_201' title='bbox 434 2794 522 2873; x_wconf 86' lang='lat' dir='ltr'>datas</span> <span class='ocrx_word' id='word_1_202' title='bbox 539 2807 738 2872; x_wconf 83' lang='lat' dir='ltr'>variationes</span> <span class='ocrx_word' id='word_1_203' title='bbox 751 2806 939 2901; x_wconf 72' lang='lat' dir='ltr'>accipiant.i</span> <span class='ocrx_word' id='word_1_204' title='bbox 979 2800 1159 2897; x_wconf 73' lang='lat' dir='ltr'>Quoniam</span> <span class='ocrx_word' id='word_1_205' title='bbox 1185 2802 1275 2870; x_wconf 90' lang='lat' dir='ltr'>enim</span> <span class='ocrx_word' id='word_1_206' title='bbox 1293 2806 1360 2872; x_wconf 86' lang='lat' dir='ltr'>axis</span> <span class='ocrx_word' id='word_1_207' title='bbox 1378 2804 1562 2901; x_wconf 83' lang='lat' dir='ltr'>gyrationis</span> <span class='ocrx_word' id='word_1_208' title='bbox 1579 2822 1660 2874; x_wconf 88' lang='lat' dir='ltr'>cunt</span> 
     </span>
     <span class='ocr_line' id='line_1_23' title="bbox 310 2894 1658 3003; baseline -0.002 -26"><span class='ocrx_word' id='word_1_209' title='bbox 310 2902 481 2977; x_wconf 84' lang='lat' dir='ltr'>celeritate</span> <span class='ocrx_word' id='word_1_210' title='bbox 496 2902 645 3003; x_wconf 81' lang='lat' dir='ltr'>angulari</span> <span class='ocrx_word' id='word_1_211' title='bbox 664 2898 735 2972; x_wconf 88' lang='lat' dir='ltr'>dari</span> <span class='ocrx_word' id='word_1_212' title='bbox 751 2894 942 2983; x_wconf 67' lang='lat' dir='ltr'>alliunitur,</span> <span class='ocrx_word' id='word_1_213' title='bbox 967 2916 1078 2971; x_wconf 77' lang='lat' dir='ltr'>motus</span> <span class='ocrx_word' id='word_1_214' title='bbox 1092 2896 1301 3000; x_wconf 85' lang='lat' dir='ltr'>singulorum</span> <span class='ocrx_word' id='word_1_215' title='bbox 1319 2900 1563 2974; x_wconf 87' lang='lat' dir='ltr'>elementorum</span> <span class='ocrx_word' id='word_1_216' title='bbox 1581 2928 1658 2995; x_wconf 71' lang='lat' dir='ltr'>eor·</span> 
     </span>
     <span class='ocr_line' id='line_1_24' title="bbox 309 2998 1660 3105; baseline -0.001 -28"><span class='ocrx_word' id='word_1_217' title='bbox 309 3011 401 3105; x_wconf 88' lang='lat' dir='ltr'>poris</span> <span class='ocrx_word' id='word_1_218' title='bbox 431 3011 494 3076; x_wconf 88' lang='lat' dir='ltr'>erit</span> <span class='ocrx_word' id='word_1_219' title='bbox 517 3005 637 3091; x_wconf 70' lang='lat' dir='ltr'>datus,</span> <span class='ocrx_word' id='word_1_220' title='bbox 661 3010 718 3103; x_wconf 92' lang='lat' dir='ltr'>qui</span> <span class='ocrx_word' id='word_1_221' title='bbox 743 2998 968 3074; x_wconf 84' lang='lat' dir='ltr'>¹sisecuudum</span> <span class='ocrx_word' id='word_1_222' title='bbox 993 3020 1103 3073; x_wconf 83' lang='lat' dir='ltr'>ternas</span> <span class='ocrx_word' id='word_1_223' title='bbox 1125 2998 1328 3076; x_wconf 76' lang='lat' dir='ltr'>direc‘iioues</span> <span class='ocrx_word' id='word_1_224' title='bbox 1353 3002 1435 3075; x_wconf 86' lang='lat' dir='ltr'>fixas</span> <span class='ocrx_word' id='word_1_225' title='bbox 1461 3000 1660 3091; x_wconf 86' lang='lat' dir='ltr'>resolvatur,</span> 
     </span>
     <span class='ocr_line' id='line_1_25' title="bbox 309 3098 1736 3207; baseline 0 -28"><span class='ocrx_word' id='word_1_226' title='bbox 309 3123 473 3207; x_wconf 88' lang='lat' dir='ltr'>quantum</span> <span class='ocrx_word' id='word_1_227' title='bbox 488 3104 551 3175; x_wconf 86' lang='lat' dir='ltr'>hae</span> <span class='ocrx_word' id='word_1_228' title='bbox 570 3098 684 3174; x_wconf 84' lang='lat' dir='ltr'>ternae</span> <span class='ocrx_word' id='word_1_229' title='bbox 698 3102 896 3187; x_wconf 80' lang='lat' dir='ltr'>celeritates,</span> <span class='ocrx_word' id='word_1_230' title='bbox 910 3122 975 3173; x_wconf 86' lang='lat' dir='ltr'>tarn</span> <span class='ocrx_word' id='word_1_231' title='bbox 998 3102 1042 3173; x_wconf 88' lang='lat' dir='ltr'>ob</span> <span class='ocrx_word' id='word_1_232' title='bbox 1058 3109 1216 3175; x_wconf 84' lang='lat' dir='ltr'>variatam</span> <span class='ocrx_word' id='word_1_233' title='bbox 1230 3112 1297 3176; x_wconf 85' lang='lat' dir='ltr'>axis</span> <span class='ocrx_word' id='word_1_234' title='bbox 1311 3108 1494 3205; x_wconf 87' lang='lat' dir='ltr'>gyratiouis</span> <span class='ocrx_word' id='word_1_235' title='bbox 1541 3103 1656 3181; x_wconf 66' lang='lat' dir='ltr'>osuio</span> <span class='ocrx_word' id='word_1_236' title='bbox 1732 3166 1736 3173; x_wconf 96' lang='lat'>.</span> 
     </span>
     <span class='ocr_line' id='line_1_26' title="bbox 308 3132 1655 3307; baseline -0.001 -27"><span class='ocrx_word' id='word_1_237' title='bbox 308 3232 398 3292; x_wconf 80' lang='lat' dir='ltr'>netu,</span> <span class='ocrx_word' id='word_1_238' title='bbox 411 3230 511 3305; x_wconf 88' lang='lat' dir='ltr'>quam</span> <span class='ocrx_word' id='word_1_239' title='bbox 529 3203 573 3273; x_wconf 92' lang='lat' dir='ltr'>ob</span> <span class='ocrx_word' id='word_1_240' title='bbox 590 3202 765 3275; x_wconf 86' lang='lat' dir='ltr'>celeritatis</span> <span class='ocrx_word' id='word_1_241' title='bbox 787 3200 951 3303; x_wconf 88' lang='lat' dir='ltr'>angularis</span> <span class='ocrx_word' id='word_1_242' title='bbox 967 3210 1188 3279; x_wconf 78' lang='lat' dir='ltr'>variationem</span> <span class='ocrx_word' id='word_1_243' title='bbox 1210 3211 1447 3290; x_wconf 88' lang='lat' dir='ltr'>inunutentur,</span> <span class='ocrx_word' id='word_1_244' title='bbox 1478 3132 1655 3307; x_wconf 86' lang='lat' dir='ltr'>colligere,</span> 
     </span>
     <span class='ocr_line' id='line_1_27' title="bbox 308 3302 1655 3408; baseline -0.004 -25"><span class='ocrx_word' id='word_1_245' title='bbox 308 3306 469 3408; x_wconf 85' lang='lat' dir='ltr'>sunulque</span> <span class='ocrx_word' id='word_1_246' title='bbox 484 3308 672 3388; x_wconf 64' lang='lat' dir='ltr'>vireshunc·</span> <span class='ocrx_word' id='word_1_247' title='bbox 698 3310 916 3376; x_wconf 85' lang='lat' dir='ltr'>mutationem</span> <span class='ocrx_word' id='word_1_248' title='bbox 930 3309 972 3399; x_wconf 44' lang='lat' dir='ltr'>,in</span> <span class='ocrx_word' id='word_1_249' title='bbox 993 3302 1127 3407; x_wconf 81' lang='lat' dir='ltr'>lingulis</span> <span class='ocrx_word' id='word_1_250' title='bbox 1151 3305 1324 3379; x_wconf 88' lang='lat' dir='ltr'>elementis</span> <span class='ocrx_word' id='word_1_251' title='bbox 1352 3311 1505 3403; x_wconf 84' lang='lat' dir='ltr'>corporis</span> <span class='ocrx_word' id='word_1_252' title='bbox 1528 3305 1655 3404; x_wconf 88' lang='lat' dir='ltr'>produ·</span> 
     </span>
     <span class='ocr_line' id='line_1_28' title="bbox 308 3400 1653 3508; baseline -0.002 -26"><span class='ocrx_word' id='word_1_253' title='bbox 308 3428 417 3482; x_wconf 87' lang='lat' dir='ltr'>centes</span> <span class='ocrx_word' id='word_1_254' title='bbox 441 3405 599 3507; x_wconf 77' lang='lat' dir='ltr'>assignare</span> <span class='ocrx_word' id='word_1_255' title='bbox 625 3402 831 3481; x_wconf 72' lang='lat' dir='ltr'>valebimusl</span> <span class='ocrx_word' id='word_1_256' title='bbox 872 3400 969 3505; x_wconf 84' lang='lat' dir='ltr'>atque</span> <span class='ocrx_word' id='word_1_257' title='bbox 992 3407 1043 3477; x_wconf 90' lang='lat' dir='ltr'>his</span> <span class='ocrx_word' id='word_1_258' title='bbox 1063 3412 1215 3508; x_wconf 69' lang='lat' dir='ltr'>¹denique</span> <span class='ocrx_word' id='word_1_259' title='bbox 1244 3410 1368 3482; x_wconf 86' lang='lat' dir='ltr'>viribus</span> <span class='ocrx_word' id='word_1_260' title='bbox 1397 3408 1653 3480; x_wconf 77' lang='lat' dir='ltr'>elementaribus</span> 
     </span>
     <span class='ocr_line' id='line_1_29' title="bbox 308 3504 1653 3611; baseline 0 -30"><span class='ocrx_word' id='word_1_261' title='bbox 308 3508 501 3611; x_wconf 86' lang='lat' dir='ltr'>colligendis</span> <span class='ocrx_word' id='word_1_262' title='bbox 517 3504 599 3607; x_wconf 87' lang='lat' dir='ltr'>ipsas</span> <span class='ocrx_word' id='word_1_263' title='bbox 617 3506 829 3579; x_wconf 81' lang='lat' dir='ltr'>vires&#39;finitas</span> <span class='ocrx_word' id='word_1_264' title='bbox 846 3504 1004 3605; x_wconf 85' lang='lat' dir='ltr'>quaeliras</span> <span class='ocrx_word' id='word_1_265' title='bbox 1029 3511 1289 3609; x_wconf 77' lang='lat' dir='ltr'>impetrabimus.</span> <span class='ocrx_word' id='word_1_266' title='bbox 1357 3512 1444 3582; x_wconf 86' lang='lat' dir='ltr'>Cum</span> <span class='ocrx_word' id='word_1_267' title='bbox 1465 3514 1567 3607; x_wconf 90' lang='lat' dir='ltr'>igitur</span> <span class='ocrx_word' id='word_1_268' title='bbox 1584 3517 1653 3611; x_wconf 90' lang='lat' dir='ltr'>pri·</span> 
     </span>
     <span class='ocr_line' id='line_1_30' title="bbox 308 3602 1652 3708; baseline 0.001 -25"><span class='ocrx_word' id='word_1_269' title='bbox 308 3604 399 3689; x_wconf 76' lang='lat' dir='ltr'>inum</span> <span class='ocrx_word' id='word_1_270' title='bbox 422 3628 553 3682; x_wconf 86' lang='lat' dir='ltr'>rnotmn</span> <span class='ocrx_word' id='word_1_271' title='bbox 574 3606 784 3708; x_wconf 82' lang='lat' dir='ltr'>singulorum</span> <span class='ocrx_word' id='word_1_272' title='bbox 807 3615 961 3706; x_wconf 87' lang='lat' dir='ltr'>corporis</span> <span class='ocrx_word' id='word_1_273' title='bbox 990 3605 1270 3707; x_wconf 88' lang='lat' dir='ltr'>elementorum,</span> <span class='ocrx_word' id='word_1_274' title='bbox 1308 3602 1389 3683; x_wconf 92' lang='lat' dir='ltr'>dum</span> <span class='ocrx_word' id='word_1_275' title='bbox 1419 3630 1541 3708; x_wconf 86' lang='lat' dir='ltr'>corpus</span> <span class='ocrx_word' id='word_1_276' title='bbox 1563 3616 1652 3685; x_wconf 80' lang='lat' dir='ltr'>circa</span> 
     </span>
     <span class='ocr_line' id='line_1_31' title="bbox 308 3707 1649 3813; baseline 0 -28"><span class='ocrx_word' id='word_1_277' title='bbox 308 3738 398 3785; x_wconf 84' lang='lat' dir='ltr'>rxem</span> <span class='ocrx_word' id='word_1_278' title='bbox 414 3734 645 3813; x_wconf 88' lang='lat' dir='ltr'>quemcunque</span> <span class='ocrx_word' id='word_1_279' title='bbox 661 3734 720 3807; x_wconf 89' lang='lat' dir='ltr'>per</span> <span class='ocrx_word' id='word_1_280' title='bbox 736 3730 887 3781; x_wconf 88' lang='lat' dir='ltr'>centrum</span> <span class='ocrx_word' id='word_1_281' title='bbox 913 3714 1051 3781; x_wconf 85' lang='lat' dir='ltr'>inertiae</span> <span class='ocrx_word' id='word_1_282' title='bbox 1068 3707 1289 3784; x_wconf 76' lang='lat' dir='ltr'>transeuntem</span> <span class='ocrx_word' id='word_1_283' title='bbox 1307 3711 1380 3783; x_wconf 89' lang='lat' dir='ltr'>data</span> <span class='ocrx_word' id='word_1_284' title='bbox 1402 3709 1572 3785; x_wconf 87' lang='lat' dir='ltr'>celeritate</span> <span class='ocrx_word' id='word_1_285' title='bbox 1591 3742 1649 3786; x_wconf 84' lang='lat' dir='ltr'>ara·</span> 
     </span>
     <span class='ocr_line' id='line_1_32' title="bbox 308 3806 1647 3913; baseline 0 -28"><span class='ocrx_word' id='word_1_286' title='bbox 308 3817 409 3911; x_wconf 67' lang='lat' dir='ltr'>gulari</span> <span class='ocrx_word' id='word_1_287' title='bbox 430 3833 566 3913; x_wconf 88' lang='lat' dir='ltr'>gyratur</span> <span class='ocrx_word' id='word_1_288' title='bbox 587 3869 596 3898; x_wconf 84' lang='lat'>,</span> <span class='ocrx_word' id='word_1_289' title='bbox 618 3806 722 3883; x_wconf 84' lang='lat' dir='ltr'>nosse</span> <span class='ocrx_word' id='word_1_290' title='bbox 744 3807 945 3897; x_wconf 86' lang='lat' dir='ltr'>debeamus,</span> <span class='ocrx_word' id='word_1_291' title='bbox 974 3818 1043 3903; x_wconf 84' lang='lat' dir='ltr'>ejus</span> <span class='ocrx_word' id='word_1_292' title='bbox 1066 3808 1305 3887; x_wconf 89' lang='lat' dir='ltr'>resolutionem</span> <span class='ocrx_word' id='word_1_293' title='bbox 1333 3809 1513 3884; x_wconf 82' lang='lat' dir='ltr'>secundum</span> <span class='ocrx_word' id='word_1_294' title='bbox 1539 3834 1647 3887; x_wconf 75' lang='lat' dir='ltr'>ternas</span> 
     </span>
     <span class='ocr_line' id='line_1_33' title="bbox 308 3908 1755 4019; baseline 0.001 -32"><span class='ocrx_word' id='word_1_295' title='bbox 308 3908 501 3988; x_wconf 70' lang='lat' dir='ltr'>liredliones</span> <span class='ocrx_word' id='word_1_296' title='bbox 528 3912 607 3985; x_wconf 80' lang='lat' dir='ltr'>fixas</span> <span class='ocrx_word' id='word_1_297' title='bbox 629 3928 653 4001; x_wconf 74' lang='lat'>‚²</span> <span class='ocrx_word' id='word_1_298' title='bbox 675 3936 740 4012; x_wconf 91' lang='lat' dir='ltr'>pro</span> <span class='ocrx_word' id='word_1_299' title='bbox 762 3912 878 4013; x_wconf 84' lang='lat' dir='ltr'>quibus</span> <span class='ocrx_word' id='word_1_300' title='bbox 904 3931 1017 3983; x_wconf 87' lang='lat' dir='ltr'>ternos</span> <span class='ocrx_word' id='word_1_301' title='bbox 1048 3922 1201 4016; x_wconf 88' lang='lat' dir='ltr'>corporis</span> <span class='ocrx_word' id='word_1_302' title='bbox 1231 3940 1305 3988; x_wconf 82' lang='lat' dir='ltr'>axes</span> <span class='ocrx_word' id='word_1_303' title='bbox 1331 3918 1534 4019; x_wconf 87' lang='lat' dir='ltr'>principales</span> <span class='ocrx_word' id='word_1_304' title='bbox 1564 3909 1647 3989; x_wconf 78' lang='lat' dir='ltr'>alsu-</span> <span class='ocrx_word' id='word_1_305' title='bbox 1751 3984 1755 3989; x_wconf 92' lang='lat'>.</span> 
     </span>
     <span class='ocr_line' id='line_1_34' title="bbox 308 4010 1032 4116; baseline -0.007 -27"><span class='ocrx_word' id='word_1_306' title='bbox 308 4043 392 4107; x_wconf 63' lang='lat' dir='ltr'>suain</span> <span class='ocrx_word' id='word_1_307' title='bbox 406 4071 419 4113; x_wconf 89' lang='lat'>,</span> <span class='ocrx_word' id='word_1_308' title='bbox 441 4021 477 4089; x_wconf 90' lang='lat' dir='ltr'>iu</span> <span class='ocrx_word' id='word_1_309' title='bbox 492 4013 651 4116; x_wconf 88' lang='lat' dir='ltr'>sequente</span> <span class='ocrx_word' id='word_1_310' title='bbox 665 4014 874 4116; x_wconf 83' lang='lat' dir='ltr'>problemate</span> <span class='ocrx_word' id='word_1_311' title='bbox 891 4010 1032 4087; x_wconf 83' lang='lat' dir='ltr'>docebo.</span> 
     </span>
    </p>
   </div>
   <div class='ocr_carea' id='block_1_6' title="bbox 712 4166 1342 4318">
    <p class='ocr_par' dir='ltr' id='par_1_6' title="bbox 712 4166 1342 4318">
     <span class='ocr_line' id='line_1_35' title="bbox 712 4166 1342 4318; baseline -0.002 -25"><span class='ocrx_word' id='word_1_312' title='bbox 712 4166 1130 4293; x_wconf 69' lang='lat' dir='ltr'>r&#39;norrrraa⁶</span> <span class='ocrx_word' id='word_1_313' title='bbox 1180 4192 1230 4318; x_wconf 52' lang='lat' dir='ltr'>aa.</span> <span class='ocrx_word' id='word_1_314' title='bbox 1339 4182 1342 4187; x_wconf 71' lang='grc'><strong>’</strong></span> 
     </span>
    </p>
   </div>
   <div class='ocr_carea' id='block_1_7' title="bbox 357 4364 1642 4474">
    <p class='ocr_par' dir='ltr' id='par_1_7' title="bbox 357 4364 1642 4474">
     <span class='ocr_line' id='line_1_36' title="bbox 357 4364 1642 4474; baseline -0.002 -34"><span class='ocrx_word' id='word_1_315' title='bbox 357 4457 363 4467; x_wconf 27' lang='grc' dir='ltr'>Ι,</span> <span class='ocrx_word' id='word_1_316' title='bbox 399 4384 469 4465; x_wconf 79' lang='lat'>79&#39;1.</span> <span class='ocrx_word' id='word_1_317' title='bbox 497 4364 529 4440; x_wconf 77' lang='lat' dir='ltr'>Si</span> <span class='ocrx_word' id='word_1_318' title='bbox 547 4390 667 4469; x_wconf 82' lang='lat' dir='ltr'>corpur</span> <span class='ocrx_word' id='word_1_319' title='bbox 689 4370 835 4472; x_wconf 75' lang='lat' dir='ltr'>rigidum</span> <span class='ocrx_word' id='word_1_320' title='bbox 852 4376 938 4443; x_wconf 87' lang='lat' dir='ltr'>circa</span> <span class='ocrx_word' id='word_1_321' title='bbox 954 4392 1049 4443; x_wconf 78' lang='lat' dir='ltr'>axem</span> <span class='ocrx_word' id='word_1_322' title='bbox 1071 4388 1305 4474; x_wconf 83' lang='lat' dir='ltr'>quemcunque</span> <span class='ocrx_word' id='word_1_323' title='bbox 1327 4380 1472 4472; x_wconf 72' lang='lat' dir='ltr'>persius</span> <span class='ocrx_word' id='word_1_324' title='bbox 1490 4386 1642 4442; x_wconf 88' lang='lat' dir='ltr'>ccutruttt</span> 
     </span>
    </p>
   </div>
   <div class='ocr_carea' id='block_1_8' title="bbox 310 4468 1643 4646">
    <p class='ocr_par' dir='ltr' id='par_1_8' title="bbox 310 4468 1643 4646">
     <span class='ocr_line' id='line_1_37' title="bbox 310 4468 1643 4578; baseline -0.004 -33"><span class='ocrx_word' id='word_1_325' title='bbox 310 4478 438 4546; x_wconf 86' lang='lat' dir='ltr'>aertiae</span> <span class='ocrx_word' id='word_1_326' title='bbox 456 4469 681 4547; x_wconf 84' lang='lat' dir='ltr'>transeuntem</span> <span class='ocrx_word' id='word_1_327' title='bbox 696 4494 835 4577; x_wconf 59' lang='lat' dir='ltr'>putetur</span> <span class='ocrx_word' id='word_1_328' title='bbox 853 4468 925 4550; x_wconf 82' lang='lat' dir='ltr'>duta</span> <span class='ocrx_word' id='word_1_329' title='bbox 949 4474 1145 4563; x_wconf 81' lang='lat' dir='ltr'>celeritate,</span> <span class='ocrx_word' id='word_1_330' title='bbox 1179 4474 1386 4578; x_wconf 85' lang='lat' dir='ltr'>fingulor&#39;uui</span> <span class='ocrx_word' id='word_1_331' title='bbox 1407 4482 1474 4568; x_wconf 87' lang='lat' dir='ltr'>rjus</span> <span class='ocrx_word' id='word_1_332' title='bbox 1498 4470 1643 4544; x_wconf 77' lang='lat' dir='ltr'>clemen·</span> 
     </span>
     <span class='ocr_line' id='line_1_38' title="bbox 1529 4592 1643 4646; baseline -0.009 -1"><span class='ocrx_word' id='word_1_333' title='bbox 1529 4592 1643 4646; x_wconf 91' lang='lat' dir='ltr'>torum</span> 
     </span>
    </p>
   </div>
   <div class='ocr_carea' id='block_1_9' title="bbox 0 0 2050 5134">
    <p class='ocr_par' dir='ltr' id='par_1_9' title="bbox 0 0 2050 5134">
     <span class='ocr_line' id='line_1_39' title="bbox 0 0 2050 5134; baseline 0 3"><span class='ocrx_word' id='word_1_334' title='bbox 0 0 2050 5134; x_wconf 95' lang='lat' dir='ltr'> </span> 
     </span>
    </p>
   </div>
  </div>
 </body>
</html>
