4092 5134
489 400 574 488 nn
602 364 932 489 marmus
959 396 1201 487 Morus
1229 321 1586 505 auretenus,
1661 434 1713 518 39
1760 330 1773 357 ⁸
1910 368 1915 377 ’

782 578 787 593 “
902 590 1183 677 SCHOLION.

464 760 531 832 ¹03·
560 734 686 833 Quodli
703 763 787 841 ergo
802 737 967 834 ejusmodi
985 764 1141 838 corpora,
1155 726 1215 815 =vel
1228 748 1352 842 potius,
1382 766 1427 815 ne
1450 766 1571 817 eorum
1584 748 1726 844 magni--

365 836 446 915 tudo
464 867 596 912 moram
613 832 766 928 facessat,
791 862 912 939 puncta
927 837 1017 944 quali
1033 866 1198 939 corporea
1213 844 1504 943 contemplemur,
1530 872 1613 946 qnae
1630 843 1715 925 ntvlli

363 946 485 1041 actioni
498 962 654 1013 externae
667 936 731 1009 lint
749 943 915 1040 expolita,
944 971 981 1014 ea
1000 940 1054 1011 vel
1074 964 1237 1041 perpetuo
1255 943 1446 1045 quiescent,
1476 945 1528 1014 vel
1549 954 1713 1017 continno

362 1042 578 1119 uniformiter
601 1041 820 1114 indirectum
844 1028 1160 1142 promovebuntur,
1198 1043 1299 1147 idque
1325 1073 1396 1117 non
1421 1043 1530 1117 solnm
1554 1045 1715 1141 absolute,

361 1144 533 1221 sedetiam
557 1140 758 1242 respective,
780 1142 804 1214 li
827 1141 933 1216 modo
956 1169 1098 1241 corpus,
1127 1143 1167 1215 ad
1193 1143 1286 1247 quod
1302 1145 1522 1235 referuntur,
1548 1144 1655 1248 ipsum
1678 1152 1714 1220 i'n

361 1247 483 1323 eodem
498 1247 577 1317 llatu
595 1243 746 1316 absoluto
761 1242 917 1346 perlillat.
1019 1244 1144 1317 Talem
1162 1253 1264 1349 igitur
1280 1268 1430 1344 momm,
1457 1254 1549 1342 cujus
1575 1256 1662 1321 ratio
1678 1252 1732 1321 in.

360 1346 429 1425 sola
450 1354 570 1420 inertia
593 1347 637 1419 eli
660 1347 735 1443 fita,
777 1352 960 1418 accuratius
995 1347 1225 1446 perpendere,
1274 1347 1315 1420 ad
1350 1348 1581 1452 calculumque
1610 1376 1712 1421 revo-

360 1478 434 1529 care
450 1455 639 1535 conveniet.
692 1449 795 1545 Supra
811 1468 921 1520 autem
936 1455 969 1523 iu
982 1475 1107 1549 genere
1125 1468 1190 1522 tres
1207 1457 1486 1551 pertractavimus
1506 1448 1616 1538 casus,
1641 1457 1716 1551 qui·
1794 1460 1799 1471 “

358 1552 419 1627 ltus
442 1550 585 1624 calculus
611 1546 653 1621 ad
680 1570 791 1621 motus
819 1547 1136 1621 determinationem
1165 1550 1493 1623 accornttrodabatur.
1584 1555 1715 1624 Primus

334 1673 452 1744 erat,
477 1679 550 1754 quo
560 1673 672 1723 motus
689 1651 882 1723 rectilineus
896 1647 937 1720 sd
953 1649 1181 1747 directricem,
1206 1679 1284 1723 cum
1309 1660 1378 1747 ejas
1413 1651 1602 1727 directione
1629 1679 1712 1725 con·
1774 1682 1778 1693 ·

357 1776 550 1859 gruentem,
563 1750 790 1834 referebatur:
818 1748 1070 1853 secundus,quo
1088 1772 1201 1825 motus
1213 1750 1253 1824 ad
1269 1750 1349 1825 duas
1360 1748 1712 1825 directricesreduce-

357 1862 474 1944 baua,
504 1861 562 1955 qui
585 1880 661 1925 curu
690 1858 723 1924 in
747 1859 840 1923 omni
862 1873 959 1923 rnotu
982 1860 1018 1923 in
1040 1850 1162 1925 eodem
1180 1854 1279 1952 pleno
1295 1850 1387 1926 facto
1406 1850 1581 1950 succedat,
1610 1861 1712 1926 etiam

357 1958 398 2035 ad
417 1974 549 2030 motum
570 1954 780 2025 rectilineum
794 1951 1016 2042 tvrriformem,
1036 1955 1170 2055 qualem
1195 1960 1251 2028 hie
1274 1962 1522 2042 examinamus,
1559 1952 1713 2028 adhiberi

353 2065 491 2164 poterit.
541 2060 684 2129 Tertius
702 2052 792 2126 casus
810 2052 959 2128 latillimc
973 2074 1108 2155 patens,
1133 2084 1201 2159 quo
1224 2058 1328 2130 tribus
1348 2055 1580 2130 directricibus
1600 2052 1711 2129 serratus

356 2161 424 2257 usa,
452 2164 549 2234 etiam
570 2162 671 2242 hrarrc,
687 2184 787 2257 quem
805 2176 1008 2265 tractamus,
1027 2164 1063 2231 in
1088 2150 1134 2230 seN
1145 2156 1399 2259 complectitur,
1427 2184 1615 2259 operaeque
1635 2187 1712 2260 pre·
1807 2224 1817 2239 ,

356 2272 444 2339 tium
461 2266 525 2336 erit
539 2254 722 2359 dispicere,
751 2252 928 2360 quomodo
952 2253 1120 2331 formulae
1138 2256 1215 2332 illae
1236 2258 1410 2360 generales
1433 2286 1500 2361 pro
1521 2278 1619 2333 rnotu
1635 2266 1711 2335 uni·

355 2364 464 2441 sormi
486 2360 664 2435 rectilineo
690 2357 825 2433 farturae
847 2359 911 2433 suu
936 2379 1161 2461 comparatae.
1211 2363 1324 2450 Quare
1346 2357 1619 2437 secuudumuos
1642 2380 1709 2436 tres

356 2464 449 2542 culus
463 2490 522 2539 mo
538 2491 596 2535 utu
610 2456 815 2565 aequabilem
833 2461 1046 2534 rectilineum
1063 2460 1105 2535 ad
1130 2460 1295 2536 calculum
1315 2490 1535 2561 revocemus,
1559 2466 1708 2565 hincque

358 2558 520 2668 colligere
535 2571 731 2665 poterimus,
745 2561 829 2665 quid
841 2566 876 2636 in
891 2570 985 2637 oruni
1002 2584 1100 2637 motu
1114 2568 1253 2637 inertiae
1275 2562 1321 2637 lit
1338 2561 1565 2640 tribuendum·
1613 2566 1704 2666 Qua-

357 2680 454 2745 tenus
471 2674 562 2741 enim
581 2664 737 2761 deinceps
756 2689 867 2736 strutus
881 2672 1066 2761 cujuspiam
1083 2673 1236 2762 corporis
1258 2667 1354 2736 aliter
1381 2664 1414 2737 se
1440 2667 1561 2736 habere
1583 2662 1703 2763 depre-

357 2769 544 2861 hendetur,
582 2773 651 2858 ejus
676 2759 774 2861 cesalai
790 2788 862 2834 non
885 2768 921 2832 in·
942 2769 1063 2834 inertia
1089 2760 1252 2856 ejus,·led
1264 2764 1360 2835 aliter
1386 2771 1706 2867 extra-‘corpuserir

314 2908 324 2963 χ
353 2864 560 2979 quaerenda·

833 3058 1230 3171 ananiense,

461 3246 532 3311 104.
558 3218 593 3293 Si
618 3236 730 3292 ntotus
751 3214 945 3290 rectilineus
970 3209 1213 3319 aequabilisad'
1234 3219 1367 3285 unicam
1388 3206 1604 3292 directricem
1622 3242 1702 3292 etant
1722 3222 1798 3329 Fig.
1819 3240 1853 3304 2.

353 3335 425 3425 ejus
439 3320 622 3396 directione
641 3330 891 3422 congruentem
901 3302 1085 3415 referatur,
1112 3336 1192 3389 eum
1206 3343 1268 3417 per
1281 3315 1449 3390 calculum
1462 3316 1699 3409 determinare,

322 3419 769 3530 ‚seuadqnodvis‘tempus
788 3428 860 3516 ejus
879 3417 994 3491 locum
1008 3416 1181 3521 ariagnae,
1249 3500 1254 3509 ,
1563 3482 1571 3493 ,
1653 3480 1667 3518 ,
1783 3422 1786 3427 ’

883 3617 1170 3699 recurro
1225 3708 1228 3713 ⁸

434 3772 632 3877 'Corpore,
652 3761 759 3876 quod
780 3793 957 3875 movetur,
995 3772 1096 3845 insta
1119 3773 1246 3873 ¹puncti
1270 3760 1501 3865 conliderato,
1537 3766 1642 3872 fuerit
1663 3768 1700 3843 id

309 3874 322 3882 ⁶
349 3886 450 3960 initio
465 3887 501 3954 in
513 3885 554 3966 u,
565 3896 599 3950 et
611 3871 723 3976 elaplo
741 3890 896 3974 tempore
912 3876 1135 3976 rpervenerit
1157 3876 1193 3942 in
1215 3864 1414 3987 §percurso
1433 3865 1537 3973 spatio
1553 3874 1605 3946 AS
1620 3905 1659 3943 -.:
1672 3898 1698 3944 r.

311 3990 437 4099 scam
452 4008 556 4126 igitur
571 4012 723 4117 celeritas
739 4007 777 4083 in·
789 4008 817 4083 S
827 3996 922 4083 lit:
941 3976 1017 4147 ἐξ,
1045 4036 1150 4113 eaque
1170 4014 1334 4113 perpetuo
1347 4018 1488 4085 'maneat
1509 4006 1649 4101 eadem,
1671 4006 1699 4086 li

309 4280 315 4287 .
345 4237 386 4287 ea
402 4225 546 4310 ponatur
561 4207 652 4296 ἐτ’,
678 4164 944 4336 habenisue-{3³
967 4235 1007 4273 ,τ
1023 4226 1057 4289 c,
1080 4218 1114 4273 et
1130 4196 1331 4302 integrando
1346 4227 1416 4313 ις
1435 4222 1497 4293 ce,
1516 4180 1601 4305 quae
1624 4196 1720 4272 for..

332 4359 436 4435 mula
454 4366 520 4459 pars
538 4342 635 4461 lupra
651 4388 715 4461 pro
728 4353 1007 4465 motuaequabili
1021 4353 1068 4429 est
1084 4354 1210 4433 tradita.
1260 4353 1437 4435 Sedutiu
1451 4379 1577 4459 genere
1594 4353 1697 4448 phae-

312 4460 319 4469 ’
341 4488 504 4564 ιιοιιιειιε,
519 4464 619 4558 hujus
639 4482 771 4564 ¹struatur,
790 4461 861 4542 fine
876 4455 1031 4561 respectu
1052 4454 1093 4532 ad
1111 4465 1332 4564 quantitatem
1360 4454 1540 4535 celeritatis
1566 4450 1709 4623 hablito,

487 4606 489 4611 ·
1558 4575 1697 4624 evova-

337 4818 353 4853 ,.
