<?xml version="1.0" encoding="UTF-8"?>
<!DOCTYPE html PUBLIC "-//W3C//DTD XHTML 1.0 Transitional//EN"
    "http://www.w3.org/TR/xhtml1/DTD/xhtml1-transitional.dtd">
<html xmlns="http://www.w3.org/1999/xhtml" xml:lang="en" lang="en">
 <head>
  <title>
</title>
<meta http-equiv="Content-Type" content="text/html;charset=utf-8" />
  <meta name='ocr-system' content='tesseract 3.04.00' />
  <meta name='ocr-capabilities' content='ocr_page ocr_carea ocr_par ocr_line ocrx_word'/>
</head>
<body>
  <div class='ocr_page' id='page_1' title='image "./theoriamotvscor00eulegoog/theoriamotvscor00eulegoog_0242.png"; bbox 0 0 4092 5134; ppageno 0'>
   <div class='ocr_carea' id='block_1_1' title="bbox 326 404 1366 521">
    <p class='ocr_par' dir='ltr' id='par_1_1' title="bbox 326 404 1366 521">
     <span class='ocr_line' id='line_1_1' title="bbox 326 404 1366 521; baseline -0.013 -12"><span class='ocrx_word' id='word_1_1' title='bbox 326 434 403 521; x_wconf 85' lang='lat'>208</span> <span class='ocrx_word' id='word_1_2' title='bbox 669 408 868 499; x_wconf 83' lang='lat' dir='ltr'>CAPUT</span> <span class='ocrx_word' id='word_1_3' title='bbox 885 406 972 497; x_wconf 83' lang='lat' dir='ltr'>vlt</span> <span class='ocrx_word' id='word_1_4' title='bbox 1037 404 1123 499; x_wconf 80' lang='grc' dir='ltr'>ΠΕ</span> <span class='ocrx_word' id='word_1_5' title='bbox 1139 406 1320 499; x_wconf 83' lang='lat' dir='ltr'>MOTU</span> <span class='ocrx_word' id='word_1_6' title='bbox 1362 480 1366 495; x_wconf 89' lang='lat'><em>.</em></span> 
     </span>
    </p>
   </div>
   <div class='ocr_carea' id='block_1_2' title="bbox 330 596 1709 815">
    <p class='ocr_par' dir='ltr' id='par_1_2' title="bbox 330 596 1709 815">
     <span class='ocr_line' id='line_1_2' title="bbox 331 596 1709 705; baseline -0.004 -24"><span class='ocrx_word' id='word_1_7' title='bbox 331 638 407 697; x_wconf 82' lang='lat' dir='ltr'>eum</span> <span class='ocrx_word' id='word_1_8' title='bbox 424 602 527 681; x_wconf 82' lang='lat' dir='ltr'>seutel</span> <span class='ocrx_word' id='word_1_9' title='bbox 551 607 671 705; x_wconf 82' lang='lat' dir='ltr'>inpari</span> <span class='ocrx_word' id='word_1_10' title='bbox 698 620 826 673; x_wconf 82' lang='lat' dir='ltr'>arcete</span> <span class='ocrx_word' id='word_1_11' title='bbox 842 598 991 673; x_wconf 81' lang='lat' dir='ltr'>ve‘rticali</span> <span class='ocrx_word' id='word_1_12' title='bbox 1016 599 1233 703; x_wconf 77' lang='lat' dir='ltr'>elongatione</span> <span class='ocrx_word' id='word_1_13' title='bbox 1255 627 1371 701; x_wconf 80' lang='lat' dir='ltr'>paretn</span> <span class='ocrx_word' id='word_1_14' title='bbox 1394 596 1600 675; x_wconf 80' lang='lat' dir='ltr'>celeritatem</span> <span class='ocrx_word' id='word_1_15' title='bbox 1623 627 1709 699; x_wconf 47' lang='lat' dir='ltr'>au„</span> 
     </span>
     <span class='ocr_line' id='line_1_3' title="bbox 330 698 1600 815; baseline -0.003 -31"><span class='ocrx_word' id='word_1_16' title='bbox 330 710 481 815; x_wconf 79' lang='lat' dir='ltr'>gultrem</span> <span class='ocrx_word' id='word_1_17' title='bbox 498 708 663 805; x_wconf 80' lang='lat' dir='ltr'>acceperit</span> <span class='ocrx_word' id='word_1_18' title='bbox 678 758 689 801; x_wconf 90' lang='lat'>,</span> <span class='ocrx_word' id='word_1_19' title='bbox 717 699 872 804; x_wconf 84' lang='lat' dir='ltr'>deinceps</span> <span class='ocrx_word' id='word_1_20' title='bbox 888 708 1053 775; x_wconf 91' lang='lat' dir='ltr'>continuo</span> <span class='ocrx_word' id='word_1_21' title='bbox 1066 700 1166 777; x_wconf 78' lang='lat' dir='ltr'>&#39;finuli</span> <span class='ocrx_word' id='word_1_22' title='bbox 1182 721 1280 777; x_wconf 89' lang='lat' dir='ltr'>motu</span> <span class='ocrx_word' id='word_1_23' title='bbox 1296 700 1445 803; x_wconf 81' lang='lat' dir='ltr'>angulari</span> <span class='ocrx_word' id='word_1_24' title='bbox 1462 698 1600 781; x_wconf 81' lang='lat' dir='ltr'>seratur.</span> 
     </span>
    </p>
   </div>
   <div class='ocr_carea' id='block_1_3' title="bbox 814 896 1201 971">
    <p class='ocr_par' dir='ltr' id='par_1_3' title="bbox 814 896 1201 971">
     <span class='ocr_line' id='line_1_4' title="bbox 814 896 1201 971; baseline 0.003 -5"><span class='ocrx_word' id='word_1_25' title='bbox 814 896 1201 971; x_wconf 72' lang='lat' dir='ltr'>nmmum.</span> 
     </span>
    </p>
   </div>
   <div class='ocr_carea' id='block_1_4' title="bbox 168 1016 1685 2852">
    <p class='ocr_par' dir='ltr' id='par_1_4' title="bbox 168 1016 1685 2143">
     <span class='ocr_line' id='line_1_5' title="bbox 168 1016 1684 1149; baseline -0.001 -51"><span class='ocrx_word' id='word_1_26' title='bbox 168 1054 239 1149; x_wconf 53' lang='lat' dir='ltr'>fig,</span> <span class='ocrx_word' id='word_1_27' title='bbox 253 1044 304 1131; x_wconf 77' lang='lat'>⁶7·</span> <span class='ocrx_word' id='word_1_28' title='bbox 441 1053 503 1122; x_wconf 83' lang='lat'>533.</span> <span class='ocrx_word' id='word_1_29' title='bbox 531 1030 565 1099; x_wconf 82' lang='lat' dir='ltr'>si</span> <span class='ocrx_word' id='word_1_30' title='bbox 582 1049 704 1144; x_wconf 76' lang='lat' dir='ltr'>corpus</span> <span class='ocrx_word' id='word_1_31' title='bbox 719 1040 865 1139; x_wconf 79' lang='lat' dir='ltr'>ponatur</span> <span class='ocrx_word' id='word_1_32' title='bbox 879 1016 1107 1123; x_wconf 83' lang='lat' dir='ltr'>quodcunque</span> <span class='ocrx_word' id='word_1_33' title='bbox 1123 1022 1261 1109; x_wconf 78' lang='lat' dir='ltr'>AEBF,</span> <span class='ocrx_word' id='word_1_34' title='bbox 1287 1016 1378 1141; x_wconf 79' lang='lat' dir='ltr'>quod</span> <span class='ocrx_word' id='word_1_35' title='bbox 1400 1049 1417 1093; x_wconf 86' lang='lat' dir='ltr'>a</span> <span class='ocrx_word' id='word_1_36' title='bbox 1435 1018 1503 1143; x_wconf 83' lang='lat' dir='ltr'>solo</span> <span class='ocrx_word' id='word_1_37' title='bbox 1516 1027 1684 1123; x_wconf 76' lang='lat' dir='ltr'>grauitate</span> 
     </span>
     <span class='ocr_line' id='line_1_6' title="bbox 333 1122 1685 1223; baseline -0.006 -18"><span class='ocrx_word' id='word_1_38' title='bbox 333 1129 545 1206; x_wconf 85' lang='lat' dir='ltr'>sollicitatum</span> <span class='ocrx_word' id='word_1_39' title='bbox 565 1152 650 1197; x_wconf 86' lang='lat' dir='ltr'>crrcn</span> <span class='ocrx_word' id='word_1_40' title='bbox 665 1149 760 1194; x_wconf 82' lang='lat' dir='ltr'>axem</span> <span class='ocrx_word' id='word_1_41' title='bbox 777 1122 1023 1195; x_wconf 81' lang='lat' dir='ltr'>lrortzontnlem</span> <span class='ocrx_word' id='word_1_42' title='bbox 1047 1126 1080 1194; x_wconf 94' lang='lat'>0</span> <span class='ocrx_word' id='word_1_43' title='bbox 1103 1140 1267 1223; x_wconf 86' lang='lat' dir='ltr'>gyretur,</span> <span class='ocrx_word' id='word_1_44' title='bbox 1296 1150 1409 1223; x_wconf 84' lang='lat' dir='ltr'>pruno</span> <span class='ocrx_word' id='word_1_45' title='bbox 1430 1150 1499 1209; x_wconf 67' lang='lat' dir='ltr'>etus</span> <span class='ocrx_word' id='word_1_46' title='bbox 1524 1143 1685 1197; x_wconf 83' lang='lat' dir='ltr'><strong>centrum</strong></span> 
     </span>
     <span class='ocr_line' id='line_1_7' title="bbox 332 1220 1683 1329; baseline -0.008 -21"><span class='ocrx_word' id='word_1_47' title='bbox 332 1241 470 1308; x_wconf 82' lang='lat' dir='ltr'>inertiae</span> <span class='ocrx_word' id='word_1_48' title='bbox 491 1236 504 1302; x_wconf 97' lang='lat' dir='ltr'>l</span> <span class='ocrx_word' id='word_1_49' title='bbox 524 1222 736 1329; x_wconf 84' lang='lat' dir='ltr'>spectandum</span> <span class='ocrx_word' id='word_1_50' title='bbox 750 1224 821 1310; x_wconf 83' lang='lat' dir='ltr'>est,</span> <span class='ocrx_word' id='word_1_51' title='bbox 847 1220 938 1323; x_wconf 89' lang='lat' dir='ltr'>quod</span> <span class='ocrx_word' id='word_1_52' title='bbox 957 1222 982 1295; x_wconf 88' lang='lat' dir='ltr'><strong>fi</strong></span> <span class='ocrx_word' id='word_1_53' title='bbox 998 1231 1035 1297; x_wconf 89' lang='lat' dir='ltr'>in</span> <span class='ocrx_word' id='word_1_54' title='bbox 1049 1243 1137 1297; x_wconf 86' lang='lat' dir='ltr'>rectu</span> <span class='ocrx_word' id='word_1_55' title='bbox 1155 1220 1306 1297; x_wconf 78' lang='lat' dir='ltr'>verticuli</span> <span class='ocrx_word' id='word_1_56' title='bbox 1324 1226 1387 1321; x_wconf 75' lang='lat' dir='ltr'>OC</span> <span class='ocrx_word' id='word_1_57' title='bbox 1405 1220 1580 1312; x_wconf 81' lang='lat' dir='ltr'>versetur,</span> <span class='ocrx_word' id='word_1_58' title='bbox 1605 1250 1683 1297; x_wconf 89' lang='lat' dir='ltr'>cor·</span> 
     </span>
     <span class='ocr_line' id='line_1_8' title="bbox 331 1320 1682 1433; baseline -0.007 -24"><span class='ocrx_word' id='word_1_59' title='bbox 331 1344 424 1433; x_wconf 90' lang='lat' dir='ltr'>poris</span> <span class='ocrx_word' id='word_1_60' title='bbox 440 1334 535 1407; x_wconf 83' lang='lat' dir='ltr'>fitunt</span> <span class='ocrx_word' id='word_1_61' title='bbox 553 1327 762 1422; x_wconf 79' lang='lat' dir='ltr'>naturalem,</span> <span class='ocrx_word' id='word_1_62' title='bbox 787 1331 821 1396; x_wconf 92' lang='lat' dir='ltr'>in</span> <span class='ocrx_word' id='word_1_63' title='bbox 840 1350 908 1423; x_wconf 89' lang='lat' dir='ltr'>quo</span> <span class='ocrx_word' id='word_1_64' title='bbox 922 1320 1117 1427; x_wconf 80' lang='lat' dir='ltr'>acquiescat,</span> <span class='ocrx_word' id='word_1_65' title='bbox 1131 1322 1278 1397; x_wconf 70' lang='lat' dir='ltr'>indicate</span> <span class='ocrx_word' id='word_1_66' title='bbox 1308 1326 1447 1433; x_wconf 84' lang='lat' dir='ltr'>angulus</span> <span class='ocrx_word' id='word_1_67' title='bbox 1467 1346 1579 1400; x_wconf 76' lang='lat' dir='ltr'>utitem</span> <span class='ocrx_word' id='word_1_68' title='bbox 1598 1330 1682 1403; x_wconf 75' lang='lat'>&lt;201</span> 
     </span>
     <span class='ocr_line' id='line_1_9' title="bbox 329 1423 1683 1537; baseline -0.007 -27"><span class='ocrx_word' id='word_1_69' title='bbox 329 1440 481 1537; x_wconf 79' lang='lat' dir='ltr'>elongatio</span> <span class='ocrx_word' id='word_1_70' title='bbox 500 1462 521 1505; x_wconf 89' lang='lat' dir='ltr'><em>a</em></span> <span class='ocrx_word' id='word_1_71' title='bbox 540 1434 607 1527; x_wconf 83' lang='lat' dir='ltr'>stru</span> <span class='ocrx_word' id='word_1_72' title='bbox 636 1430 777 1502; x_wconf 82' lang='lat' dir='ltr'>naturali</span> <span class='ocrx_word' id='word_1_73' title='bbox 801 1446 948 1499; x_wconf 82' lang='lat' dir='ltr'>vocatur.</span> <span class='ocrx_word' id='word_1_74' title='bbox 1025 1423 1153 1525; x_wconf 82' lang='lat' dir='ltr'>Quodll</span> <span class='ocrx_word' id='word_1_75' title='bbox 1186 1435 1252 1521; x_wconf 84' lang='lat' dir='ltr'>jam</span> <span class='ocrx_word' id='word_1_76' title='bbox 1276 1430 1356 1501; x_wconf 88' lang='lat' dir='ltr'>lutic</span> <span class='ocrx_word' id='word_1_77' title='bbox 1382 1435 1521 1527; x_wconf 85' lang='lat' dir='ltr'><strong>corpori</strong></span> <span class='ocrx_word' id='word_1_78' title='bbox 1545 1435 1583 1499; x_wconf 92' lang='lat' dir='ltr'>in</span> <span class='ocrx_word' id='word_1_79' title='bbox 1607 1430 1683 1503; x_wconf 81' lang='lat' dir='ltr'>deta</span> 
     </span>
     <span class='ocr_line' id='line_1_10' title="bbox 331 1523 1682 1638; baseline -0.008 -28"><span class='ocrx_word' id='word_1_80' title='bbox 331 1539 546 1638; x_wconf 80' lang='lat' dir='ltr'>elongatione</span> <span class='ocrx_word' id='word_1_81' title='bbox 566 1540 659 1603; x_wconf 81' lang='lat' dir='ltr'>datus</span> <span class='ocrx_word' id='word_1_82' title='bbox 673 1548 784 1601; x_wconf 86' lang='lat' dir='ltr'>motus</span> <span class='ocrx_word' id='word_1_83' title='bbox 804 1526 969 1626; x_wconf 83' lang='lat' dir='ltr'>angularis</span> <span class='ocrx_word' id='word_1_84' title='bbox 992 1525 1096 1603; x_wconf 85' lang='lat' dir='ltr'>fuerit</span> <span class='ocrx_word' id='word_1_85' title='bbox 1114 1523 1313 1629; x_wconf 80' lang='lat' dir='ltr'>irnpretius,</span> <span class='ocrx_word' id='word_1_86' title='bbox 1334 1529 1516 1629; x_wconf 83' lang='lat' dir='ltr'>pendulum</span> <span class='ocrx_word' id='word_1_87' title='bbox 1541 1528 1682 1631; x_wconf 74' lang='lat' dir='ltr'>simplex</span> 
     </span>
     <span class='ocr_line' id='line_1_11' title="bbox 331 1625 1680 1733; baseline -0.004 -20"><span class='ocrx_word' id='word_1_88' title='bbox 331 1637 550 1713; x_wconf 84' lang='lat' dir='ltr'>isochronunr</span> <span class='ocrx_word' id='word_1_89' title='bbox 570 1639 613 1704; x_wconf 80' lang='lat' dir='ltr'>ita</span> <span class='ocrx_word' id='word_1_90' title='bbox 630 1630 728 1703; x_wconf 87' lang='lat' dir='ltr'>debet</span> <span class='ocrx_word' id='word_1_91' title='bbox 744 1625 807 1702; x_wconf 73' lang='lat' dir='ltr'>ell&#39;e</span> <span class='ocrx_word' id='word_1_92' title='bbox 821 1651 1075 1729; x_wconf 81' lang='lat' dir='ltr'>comparatum,</span> <span class='ocrx_word' id='word_1_93' title='bbox 1110 1650 1147 1703; x_wconf 87' lang='lat' dir='ltr'>ut</span> <span class='ocrx_word' id='word_1_94' title='bbox 1165 1628 1235 1703; x_wconf 84' lang='lat' dir='ltr'>liei</span> <span class='ocrx_word' id='word_1_95' title='bbox 1250 1635 1285 1701; x_wconf 90' lang='lat' dir='ltr'>in</span> <span class='ocrx_word' id='word_1_96' title='bbox 1309 1638 1379 1731; x_wconf 84' lang='lat' dir='ltr'>pari</span> <span class='ocrx_word' id='word_1_97' title='bbox 1394 1632 1613 1733; x_wconf 83' lang='lat' dir='ltr'>elongatione</span> <span class='ocrx_word' id='word_1_98' title='bbox 1627 1659 1680 1707; x_wconf 80' lang='lat' dir='ltr'>ue·</span> 
     </span>
     <span class='ocr_line' id='line_1_12' title="bbox 329 1730 1680 1845; baseline -0.003 -33"><span class='ocrx_word' id='word_1_99' title='bbox 329 1740 432 1845; x_wconf 83' lang='lat' dir='ltr'>qtralis</span> <span class='ocrx_word' id='word_1_100' title='bbox 450 1758 559 1809; x_wconf 89' lang='lat' dir='ltr'>motus</span> <span class='ocrx_word' id='word_1_101' title='bbox 578 1732 742 1836; x_wconf 83' lang='lat' dir='ltr'>angularis</span> <span class='ocrx_word' id='word_1_102' title='bbox 759 1735 995 1831; x_wconf 83' lang='lat' dir='ltr'>imprimatur,</span> <span class='ocrx_word' id='word_1_103' title='bbox 1025 1730 1181 1833; x_wconf 85' lang='lat' dir='ltr'>deinceps</span> <span class='ocrx_word' id='word_1_104' title='bbox 1196 1734 1293 1827; x_wconf 87' lang='lat' dir='ltr'>hujus</span> <span class='ocrx_word' id='word_1_105' title='bbox 1319 1752 1432 1805; x_wconf 81' lang='lat' dir='ltr'>motus</span> <span class='ocrx_word' id='word_1_106' title='bbox 1457 1754 1625 1833; x_wconf 88' lang='lat' dir='ltr'>perpetuo</span> <span class='ocrx_word' id='word_1_107' title='bbox 1643 1732 1680 1809; x_wconf 82' lang='lat' dir='ltr'>fi&#39;t</span> 
     </span>
     <span class='ocr_line' id='line_1_13' title="bbox 368 1832 1678 1942; baseline -0.002 -29"><span class='ocrx_word' id='word_1_108' title='bbox 368 1840 545 1942; x_wconf 88' lang='lat' dir='ltr'>sponlurus</span> <span class='ocrx_word' id='word_1_109' title='bbox 562 1841 669 1909; x_wconf 87' lang='lat' dir='ltr'>motui</span> <span class='ocrx_word' id='word_1_110' title='bbox 685 1841 838 1933; x_wconf 88' lang='lat' dir='ltr'>corporis</span> <span class='ocrx_word' id='word_1_111' title='bbox 860 1832 1051 1935; x_wconf 78' lang='lat' dir='ltr'>propositi·</span> <span class='ocrx_word' id='word_1_112' title='bbox 1084 1833 1149 1907; x_wconf 88' lang='lat' dir='ltr'>Vel</span> <span class='ocrx_word' id='word_1_113' title='bbox 1186 1840 1240 1907; x_wconf 85' lang='lat' dir='ltr'>uia</span> <span class='ocrx_word' id='word_1_114' title='bbox 1256 1854 1363 1907; x_wconf 86' lang='lat' dir='ltr'>totum</span> <span class='ocrx_word' id='word_1_115' title='bbox 1377 1841 1588 1935; x_wconf 75' lang='lat' dir='ltr'>negotium</span> <span class='ocrx_word' id='word_1_116' title='bbox 1605 1836 1678 1911; x_wconf 88' lang='lat' dir='ltr'>lon·</span> 
     </span>
     <span class='ocr_line' id='line_1_14' title="bbox 278 1858 1678 2044; baseline 0 -31"><span class='ocrx_word' id='word_1_117' title='bbox 278 1858 477 2044; x_wconf 39' lang='lat' dir='ltr'>&amp;tudine</span> <span class='ocrx_word' id='word_1_118' title='bbox 496 1944 593 2035; x_wconf 77' lang='lat' dir='ltr'>liujus</span> <span class='ocrx_word' id='word_1_119' title='bbox 609 1936 745 2039; x_wconf 75' lang='lat' dir='ltr'>penduli</span> <span class='ocrx_word' id='word_1_120' title='bbox 763 1932 918 2033; x_wconf 82' lang='lat' dir='ltr'>fitnplicis</span> <span class='ocrx_word' id='word_1_121' title='bbox 935 1932 1083 2035; x_wconf 85' lang='lat' dir='ltr'>pendet,</span> <span class='ocrx_word' id='word_1_122' title='bbox 1108 1860 1183 2008; x_wconf 83' lang='lat' dir='ltr'>frid</span> <span class='ocrx_word' id='word_1_123' title='bbox 1203 1932 1306 2009; x_wconf 88' lang='lat' dir='ltr'>fuerit</span> <span class='ocrx_word' id='word_1_124' title='bbox 1326 1940 1381 2009; x_wconf 83' lang='lat' dir='ltr'>OS</span> <span class='ocrx_word' id='word_1_125' title='bbox 1403 1958 1502 2039; x_wconf 83' lang='lat' dir='ltr'>atque</span> <span class='ocrx_word' id='word_1_126' title='bbox 1525 1964 1569 2011; x_wconf 86' lang='lat' dir='ltr'>ex</span> <span class='ocrx_word' id='word_1_127' title='bbox 1585 1964 1678 2031; x_wconf 71' lang='lat' dir='ltr'>corn·</span> 
     </span>
     <span class='ocr_line' id='line_1_15' title="bbox 327 2032 1678 2143; baseline -0.002 -27"><span class='ocrx_word' id='word_1_128' title='bbox 327 2052 420 2116; x_wconf 80' lang='lat' dir='ltr'>utuni</span> <span class='ocrx_word' id='word_1_129' title='bbox 438 2070 494 2113; x_wconf 80' lang='lat' dir='ltr'>axe</span> <span class='ocrx_word' id='word_1_130' title='bbox 513 2044 544 2112; x_wconf 95' lang='grc' dir='ltr'><strong>Ο</strong></span> <span class='ocrx_word' id='word_1_131' title='bbox 565 2036 740 2137; x_wconf 82' lang='lat' dir='ltr'>l&#39;upenstun</span> <span class='ocrx_word' id='word_1_132' title='bbox 755 2042 990 2134; x_wconf 84' lang='lat' dir='ltr'>concipiatur,</span> <span class='ocrx_word' id='word_1_133' title='bbox 1020 2054 1116 2109; x_wconf 85' lang='lat' dir='ltr'>motu</span> <span class='ocrx_word' id='word_1_134' title='bbox 1133 2032 1194 2108; x_wconf 82' lang='lat' dir='ltr'>suo</span> <span class='ocrx_word' id='word_1_135' title='bbox 1219 2060 1381 2137; x_wconf 90' lang='lat' dir='ltr'>perpetuo</span> <span class='ocrx_word' id='word_1_136' title='bbox 1407 2060 1540 2111; x_wconf 84' lang='lat' dir='ltr'>rnoturn</span> <span class='ocrx_word' id='word_1_137' title='bbox 1555 2066 1678 2143; x_wconf 91' lang='lat' dir='ltr'>corpo-</span> 
     </span>
    </p>

    <p class='ocr_par' dir='ltr' id='par_1_5' title="bbox 325 2132 1679 2450">
     <span class='ocr_line' id='line_1_16' title="bbox 325 2132 1679 2241; baseline -0.002 -23"><span class='ocrx_word' id='word_1_138' title='bbox 325 2157 370 2219; x_wconf 89' lang='lat' dir='ltr'>ris</span> <span class='ocrx_word' id='word_1_139' title='bbox 392 2146 503 2217; x_wconf 83' lang='lat' dir='ltr'>AEBF</span> <span class='ocrx_word' id='word_1_140' title='bbox 519 2143 754 2225; x_wconf 79' lang='lat' dir='ltr'>comitabitur,</span> <span class='ocrx_word' id='word_1_141' title='bbox 779 2136 967 2223; x_wconf 80' lang='lat' dir='ltr'>dummodo</span> <span class='ocrx_word' id='word_1_142' title='bbox 981 2132 1095 2211; x_wconf 84' lang='lat' dir='ltr'>-semel</span> <span class='ocrx_word' id='word_1_143' title='bbox 1118 2140 1292 2239; x_wconf 82' lang='lat' dir='ltr'>aeqttulern</span> <span class='ocrx_word' id='word_1_144' title='bbox 1319 2160 1451 2211; x_wconf 83' lang='lat' dir='ltr'>inottun</span> <span class='ocrx_word' id='word_1_145' title='bbox 1468 2150 1679 2241; x_wconf 79' lang='lat' dir='ltr'>gyratoriuut&#39;</span> 
     </span>
     <span class='ocr_line' id='line_1_17' title="bbox 326 2236 1678 2346; baseline -0.001 -27"><span class='ocrx_word' id='word_1_146' title='bbox 326 2254 499 2346; x_wconf 82' lang='lat' dir='ltr'>acceperit.</span> <span class='ocrx_word' id='word_1_147' title='bbox 553 2240 694 2316; x_wconf 83' lang='lat' dir='ltr'>Perinde</span> <span class='ocrx_word' id='word_1_148' title='bbox 712 2238 849 2342; x_wconf 87' lang='lat' dir='ltr'>quidem</span> <span class='ocrx_word' id='word_1_149' title='bbox 865 2238 937 2333; x_wconf 81' lang='lat' dir='ltr'>ell,</span> <span class='ocrx_word' id='word_1_150' title='bbox 964 2236 1031 2311; x_wconf 82' lang='lat' dir='ltr'>sive</span> <span class='ocrx_word' id='word_1_151' title='bbox 1047 2241 1114 2311; x_wconf 88' lang='lat' dir='ltr'>hoc</span> <span class='ocrx_word' id='word_1_152' title='bbox 1128 2239 1314 2337; x_wconf 86' lang='lat' dir='ltr'>pendulum</span> <span class='ocrx_word' id='word_1_153' title='bbox 1334 2240 1470 2342; x_wconf 83' lang='lat' dir='ltr'>simplex</span> <span class='ocrx_word' id='word_1_154' title='bbox 1495 2242 1611 2317; x_wconf 87' lang='lat' dir='ltr'>eidem</span> <span class='ocrx_word' id='word_1_155' title='bbox 1626 2250 1678 2317; x_wconf 81' lang='lat' dir='ltr'>eni</span> 
     </span>
     <span class='ocr_line' id='line_1_18' title="bbox 327 2336 1676 2450; baseline -0.003 -27"><span class='ocrx_word' id='word_1_156' title='bbox 327 2351 525 2450; x_wconf 76' lang='lat' dir='ltr'>applicatum</span> <span class='ocrx_word' id='word_1_157' title='bbox 541 2350 747 2441; x_wconf 79' lang='lat' dir='ltr'>concipiatur</span> <span class='ocrx_word' id='word_1_158' title='bbox 764 2398 776 2429; x_wconf 92' lang='lat'>,</span> <span class='ocrx_word' id='word_1_159' title='bbox 806 2340 871 2413; x_wconf 79' lang='lat' dir='ltr'>sive</span> <span class='ocrx_word' id='word_1_160' title='bbox 888 2336 980 2417; x_wconf 72' lang='lat' dir='ltr'>secus</span> <span class='ocrx_word' id='word_1_161' title='bbox 995 2368 1004 2412; x_wconf 85' lang='grc' dir='ltr'>ι</span> <span class='ocrx_word' id='word_1_162' title='bbox 1036 2336 1095 2433; x_wconf 84' lang='lat' dir='ltr'>sed¹</span> <span class='ocrx_word' id='word_1_163' title='bbox 1143 2348 1291 2447; x_wconf 46' lang='lat' dir='ltr'>ttoniu&#39;tn¹</span> <span class='ocrx_word' id='word_1_164' title='bbox 1306 2350 1463 2445; x_wconf 28' lang='lat' dir='ltr'>utrinq-uc</span> <span class='ocrx_word' id='word_1_165' title='bbox 1486 2344 1676 2449; x_wconf 77' lang='lat' dir='ltr'>elongatio·</span> 
     </span>
    </p>

    <p class='ocr_par' dir='ltr' id='par_1_6' title="bbox 323 2368 1675 2655">
     <span class='ocr_line' id='line_1_19' title="bbox 323 2368 1673 2547; baseline 0 -24"><span class='ocrx_word' id='word_1_166' title='bbox 323 2478 381 2523; x_wconf 90' lang='lat' dir='ltr'>nes</span> <span class='ocrx_word' id='word_1_167' title='bbox 399 2480 415 2522; x_wconf 88' lang='grc' dir='ltr'>ιι</span> <span class='ocrx_word' id='word_1_168' title='bbox 432 2451 492 2524; x_wconf 85' lang='lat' dir='ltr'>suu</span> <span class='ocrx_word' id='word_1_169' title='bbox 511 2444 659 2519; x_wconf 86' lang='lat' dir='ltr'>verticuli</span> <span class='ocrx_word' id='word_1_170' title='bbox 677 2446 740 2515; x_wconf 90' lang='lat' dir='ltr'>OC</span> <span class='ocrx_word' id='word_1_171' title='bbox 751 2463 914 2542; x_wconf 86' lang='lat' dir='ltr'>perpetuo</span> <span class='ocrx_word' id='word_1_172' title='bbox 930 2439 1070 2514; x_wconf 86' lang='lat' dir='ltr'>eaedeul</span> <span class='ocrx_word' id='word_1_173' title='bbox 1088 2368 1152 2515; x_wconf 73' lang='lat' dir='ltr'>elle</span> <span class='ocrx_word' id='word_1_174' title='bbox 1169 2441 1309 2533; x_wconf 81' lang='lat' dir='ltr'>debent,</span> <span class='ocrx_word' id='word_1_175' title='bbox 1330 2430 1564 2547; x_wconf 58' lang='lat' dir='ltr'>&#39;colptlrisq‘ue</span> <span class='ocrx_word' id='word_1_176' title='bbox 1580 2448 1673 2523; x_wconf 87' lang='lat' dir='ltr'>elon·</span> 
     </span>
     <span class='ocr_line' id='line_1_20' title="bbox 323 2542 1675 2655; baseline 0.001 -33"><span class='ocrx_word' id='word_1_177' title='bbox 323 2558 416 2655; x_wconf 77' lang='lat' dir='ltr'>gotio</span> <span class='ocrx_word' id='word_1_178' title='bbox 438 2578 477 2625; x_wconf 86' lang='lat' dir='ltr'>ett</span> <span class='ocrx_word' id='word_1_179' title='bbox 493 2549 555 2622; x_wconf 86' lang='lat' dir='ltr'>suu</span> <span class='ocrx_word' id='word_1_180' title='bbox 572 2566 680 2620; x_wconf 79' lang='lat' dir='ltr'>rectae</span> <span class='ocrx_word' id='word_1_181' title='bbox 696 2548 743 2617; x_wconf 93' lang='lat' dir='ltr'>Ol</span> <span class='ocrx_word' id='word_1_182' title='bbox 760 2544 802 2617; x_wconf 88' lang='lat' dir='ltr'>ell</span> <span class='ocrx_word' id='word_1_183' title='bbox 820 2544 1044 2632; x_wconf 84' lang='lat' dir='ltr'>aellitnanda,</span> <span class='ocrx_word' id='word_1_184' title='bbox 1064 2542 1249 2644; x_wconf 86' lang='lat' dir='ltr'>pendulum</span> <span class='ocrx_word' id='word_1_185' title='bbox 1260 2546 1397 2645; x_wconf 80' lang='lat' dir='ltr'>simplex</span> <span class='ocrx_word' id='word_1_186' title='bbox 1405 2546 1675 2639; x_wconf 78' lang='lat' dir='ltr'>cornutodill&#39;tnte</span> 
     </span>
    </p>

    <p class='ocr_par' dir='ltr' id='par_1_7' title="bbox 325 2642 1674 2753">
     <span class='ocr_line' id='line_1_21' title="bbox 325 2642 1674 2753; baseline -0.001 -26"><span class='ocrx_word' id='word_1_187' title='bbox 325 2660 359 2726; x_wconf 90' lang='lat' dir='ltr'>in</span> <span class='ocrx_word' id='word_1_188' title='bbox 378 2660 503 2753; x_wconf 87' lang='lat' dir='ltr'>puncto</span> <span class='ocrx_word' id='word_1_189' title='bbox 520 2652 561 2743; x_wconf 55' lang='grc' dir='ltr'>ἐ,Ο</span> <span class='ocrx_word' id='word_1_190' title='bbox 584 2644 774 2747; x_wconf 81' lang='lat' dir='ltr'>suspensum</span> <span class='ocrx_word' id='word_1_191' title='bbox 798 2642 1051 2732; x_wconf 83' lang='lat' dir='ltr'>confideratur,</span> <span class='ocrx_word' id='word_1_192' title='bbox 1080 2664 1116 2717; x_wconf 89' lang='lat' dir='ltr'>ut</span> <span class='ocrx_word' id='word_1_193' title='bbox 1138 2654 1207 2741; x_wconf 82' lang='lat' dir='ltr'>ejus</span> <span class='ocrx_word' id='word_1_194' title='bbox 1225 2645 1300 2719; x_wconf 86' lang='lat' dir='ltr'>litus</span> <span class='ocrx_word' id='word_1_195' title='bbox 1316 2652 1372 2721; x_wconf 89' lang='lat' dir='ltr'>OS</span> <span class='ocrx_word' id='word_1_196' title='bbox 1388 2670 1558 2749; x_wconf 88' lang='lat' dir='ltr'>perpetuo</span> <span class='ocrx_word' id='word_1_197' title='bbox 1574 2658 1608 2726; x_wconf 87' lang='lat' dir='ltr'>in</span> <span class='ocrx_word' id='word_1_198' title='bbox 1624 2678 1674 2725; x_wconf 85' lang='lat' dir='ltr'>rc·</span> 
     </span>
    </p>

    <p class='ocr_par' dir='ltr' id='par_1_8' title="bbox 235 2742 1675 2852">
     <span class='ocr_line' id='line_1_22' title="bbox 235 2742 1675 2852; baseline 0.001 -24"><span class='ocrx_word' id='word_1_199' title='bbox 235 2764 238 2769; x_wconf 84' lang='lat'>&#39;</span> <span class='ocrx_word' id='word_1_200' title='bbox 324 2775 408 2828; x_wconf 84' lang='lat' dir='ltr'>ctam</span> <span class='ocrx_word' id='word_1_201' title='bbox 425 2758 473 2829; x_wconf 90' lang='lat'>01</span> <span class='ocrx_word' id='word_1_202' title='bbox 491 2748 622 2839; x_wconf 82' lang='lat' dir='ltr'>incidat,</span> <span class='ocrx_word' id='word_1_203' title='bbox 637 2746 926 2851; x_wconf 83' lang='lat' dir='ltr'>totaquequaellio</span> <span class='ocrx_word' id='word_1_204' title='bbox 943 2742 983 2817; x_wconf 84' lang='lat' dir='ltr'>ad</span> <span class='ocrx_word' id='word_1_205' title='bbox 999 2744 1317 2822; x_wconf 82' lang='lat' dir='ltr'>determinationem</span> <span class='ocrx_word' id='word_1_206' title='bbox 1330 2758 1446 2852; x_wconf 90' lang='lat' dir='ltr'>puncti</span> <span class='ocrx_word' id='word_1_207' title='bbox 1456 2757 1675 2831; x_wconf 80' lang='lat' dir='ltr'>Srevocetut&#39;.</span> 
     </span>
    </p>
   </div>
   <div class='ocr_carea' id='block_1_5' title="bbox 829 2916 1162 2987">
    <p class='ocr_par' dir='ltr' id='par_1_9' title="bbox 829 2916 1162 2987">
     <span class='ocr_line' id='line_1_23' title="bbox 829 2916 1162 2987; baseline 0 0"><span class='ocrx_word' id='word_1_208' title='bbox 829 2916 1103 2987; x_wconf 71' lang='lat' dir='ltr'><strong><em>COROLL.-&#39;</em></strong></span> <span class='ocrx_word' id='word_1_209' title='bbox 1138 2940 1162 2987; x_wconf 87' lang='grc' dir='ltr'>ι.</span> 
     </span>
    </p>
   </div>
   <div class='ocr_carea' id='block_1_6' title="bbox 322 3043 1720 3454">
    <p class='ocr_par' dir='ltr' id='par_1_10' title="bbox 322 3043 1720 3454">
     <span class='ocr_line' id='line_1_24' title="bbox 424 3043 1720 3151; baseline 0.005 -36"><span class='ocrx_word' id='word_1_210' title='bbox 424 3070 490 3136; x_wconf 83' lang='lat'>534.</span> <span class='ocrx_word' id='word_1_211' title='bbox 519 3046 663 3115; x_wconf 83' lang='lat' dir='ltr'>invento</span> <span class='ocrx_word' id='word_1_212' title='bbox 680 3043 745 3113; x_wconf 90' lang='lat' dir='ltr'>hoc</span> <span class='ocrx_word' id='word_1_213' title='bbox 764 3044 927 3139; x_wconf 78' lang='lat' dir='ltr'>punctos</span> <span class='ocrx_word' id='word_1_214' title='bbox 948 3046 983 3111; x_wconf 94' lang='lat' dir='ltr'>in</span> <span class='ocrx_word' id='word_1_215' title='bbox 1001 3062 1090 3113; x_wconf 83' lang='lat' dir='ltr'>rectu</span> <span class='ocrx_word' id='word_1_216' title='bbox 1109 3046 1161 3119; x_wconf 85' lang='lat' dir='ltr'>Ol</span> <span class='ocrx_word' id='word_1_217' title='bbox 1176 3043 1368 3143; x_wconf 85' lang='lat' dir='ltr'>producta,</span> <span class='ocrx_word' id='word_1_218' title='bbox 1396 3075 1457 3121; x_wconf 86' lang='lat' dir='ltr'>tor</span> <span class='ocrx_word' id='word_1_219' title='bbox 1481 3076 1520 3123; x_wconf 84' lang='lat' dir='ltr'>us</span> <span class='ocrx_word' id='word_1_220' title='bbox 1536 3044 1675 3151; x_wconf 79' lang='lat' dir='ltr'>perinde</span> <span class='ocrx_word' id='word_1_221' title='bbox 1716 3060 1720 3069; x_wconf 92' lang='lat'>&#39;</span> 
     </span>
     <span class='ocr_line' id='line_1_25' title="bbox 324 3076 1720 3247; baseline 0.003 -28"><span class='ocrx_word' id='word_1_222' title='bbox 324 3149 539 3233; x_wconf 86' lang='lat' dir='ltr'>movebitur,</span> <span class='ocrx_word' id='word_1_223' title='bbox 566 3170 602 3214; x_wconf 83' lang='lat' dir='ltr'>ac</span> <span class='ocrx_word' id='word_1_224' title='bbox 628 3140 738 3213; x_wconf 80' lang='lat' dir='ltr'>litum</span> <span class='ocrx_word' id='word_1_225' title='bbox 758 3150 825 3235; x_wconf 77' lang='lat' dir='ltr'>ejus</span> <span class='ocrx_word' id='word_1_226' title='bbox 850 3137 948 3213; x_wconf 77' lang='lat' dir='ltr'>innisa</span> <span class='ocrx_word' id='word_1_227' title='bbox 972 3148 1005 3211; x_wconf 91' lang='lat' dir='ltr'>in</span> <span class='ocrx_word' id='word_1_228' title='bbox 1032 3138 1104 3241; x_wconf 85' lang='lat' dir='ltr'>ipso</span> <span class='ocrx_word' id='word_1_229' title='bbox 1126 3146 1193 3217; x_wconf 88' lang='lat' dir='ltr'>hoc</span> <span class='ocrx_word' id='word_1_230' title='bbox 1220 3170 1346 3247; x_wconf 89' lang='lat' dir='ltr'>puncto</span> <span class='ocrx_word' id='word_1_231' title='bbox 1370 3151 1391 3222; x_wconf 88' lang='lat' dir='ltr'>S</span> <span class='ocrx_word' id='word_1_232' title='bbox 1414 3076 1495 3223; x_wconf 63' lang='lat' dir='ltr'>esslt</span> <span class='ocrx_word' id='word_1_233' title='bbox 1517 3152 1675 3227; x_wconf 76' lang='lat' dir='ltr'>collecte:</span> <span class='ocrx_word' id='word_1_234' title='bbox 1718 3154 1720 3167; x_wconf 91' lang='lat'>&#39;</span> 
     </span>
     <span class='ocr_line' id='line_1_26' title="bbox 322 3240 1674 3357; baseline 0.005 -35"><span class='ocrx_word' id='word_1_235' title='bbox 322 3272 395 3322; x_wconf 90' lang='lat' dir='ltr'>tum</span> <span class='ocrx_word' id='word_1_236' title='bbox 423 3254 511 3320; x_wconf 82' lang='lat' dir='ltr'>enirn</span> <span class='ocrx_word' id='word_1_237' title='bbox 543 3245 586 3318; x_wconf 89' lang='lat' dir='ltr'>ob</span> <span class='ocrx_word' id='word_1_238' title='bbox 617 3247 844 3319; x_wconf 85' lang='lat' dir='ltr'>extenlionetn</span> <span class='ocrx_word' id='word_1_239' title='bbox 867 3240 1121 3318; x_wconf 83' lang='lat' dir='ltr'>evanescentem</span> <span class='ocrx_word' id='word_1_240' title='bbox 1149 3249 1290 3325; x_wconf 80' lang='lat' dir='ltr'>hebetur</span> <span class='ocrx_word' id='word_1_241' title='bbox 1322 3248 1511 3351; x_wconf 85' lang='lat' dir='ltr'>pendulum</span> <span class='ocrx_word' id='word_1_242' title='bbox 1535 3252 1674 3357; x_wconf 80' lang='lat' dir='ltr'>fimplex</span> 
     </span>
     <span class='ocr_line' id='line_1_27' title="bbox 324 3348 691 3454; baseline -0.019 -30"><span class='ocrx_word' id='word_1_243' title='bbox 324 3348 539 3454; x_wconf 85' lang='lat' dir='ltr'>longitudinis</span> <span class='ocrx_word' id='word_1_244' title='bbox 570 3349 634 3419; x_wconf 81' lang='lat'>08.</span> <span class='ocrx_word' id='word_1_245' title='bbox 687 3426 691 3433; x_wconf 32' lang='lat'>¹</span> 
     </span>
    </p>
   </div>
   <div class='ocr_carea' id='block_1_7' title="bbox 864 3481 1146 3575">
    <p class='ocr_par' dir='ltr' id='par_1_11' title="bbox 864 3481 1146 3575">
     <span class='ocr_line' id='line_1_28' title="bbox 864 3481 1146 3575; baseline 0.025 -23"><span class='ocrx_word' id='word_1_246' title='bbox 864 3481 1077 3575; x_wconf 77' lang='lat' dir='ltr'>conott.</span> <span class='ocrx_word' id='word_1_247' title='bbox 1114 3502 1146 3559; x_wconf 68' lang='grc' dir='ltr'>ι.</span> 
     </span>
    </p>
   </div>
   <div class='ocr_carea' id='block_1_8' title="bbox 324 3642 1671 3953">
    <p class='ocr_par' dir='ltr' id='par_1_12' title="bbox 324 3642 1671 3953">
     <span class='ocr_line' id='line_1_29' title="bbox 423 3642 1671 3751; baseline 0.005 -30"><span class='ocrx_word' id='word_1_248' title='bbox 423 3666 486 3742; x_wconf 81' lang='lat'>538.</span> <span class='ocrx_word' id='word_1_249' title='bbox 513 3651 592 3721; x_wconf 90' lang='lat' dir='ltr'>Hoc</span> <span class='ocrx_word' id='word_1_250' title='bbox 608 3668 692 3745; x_wconf 87' lang='lat' dir='ltr'>ergo</span> <span class='ocrx_word' id='word_1_251' title='bbox 706 3660 870 3743; x_wconf 87' lang='lat' dir='ltr'>punctum</span> <span class='ocrx_word' id='word_1_252' title='bbox 886 3646 907 3715; x_wconf 91' lang='lat' dir='ltr'>S</span> <span class='ocrx_word' id='word_1_253' title='bbox 924 3649 1041 3742; x_wconf 84' lang='lat' dir='ltr'>quaeri</span> <span class='ocrx_word' id='word_1_254' title='bbox 1056 3642 1154 3717; x_wconf 89' lang='lat' dir='ltr'>debet</span> <span class='ocrx_word' id='word_1_255' title='bbox 1168 3651 1329 3733; x_wconf 82' lang='lat' dir='ltr'>inrecta,</span> <span class='ocrx_word' id='word_1_256' title='bbox 1343 3642 1428 3749; x_wconf 78' lang='lat' dir='ltr'>quae</span> <span class='ocrx_word' id='word_1_257' title='bbox 1441 3676 1502 3751; x_wconf 88' lang='lat' dir='ltr'>per</span> <span class='ocrx_word' id='word_1_258' title='bbox 1519 3670 1671 3727; x_wconf 85' lang='lat' dir='ltr'>centrum</span> 
     </span>
     <span class='ocr_line' id='line_1_30' title="bbox 324 3744 1671 3845; baseline 0.001 -22"><span class='ocrx_word' id='word_1_259' title='bbox 324 3758 463 3826; x_wconf 82' lang='lat' dir='ltr'>inertiae</span> <span class='ocrx_word' id='word_1_260' title='bbox 488 3754 640 3845; x_wconf 89' lang='lat' dir='ltr'>corporis</span> <span class='ocrx_word' id='word_1_261' title='bbox 664 3744 703 3815; x_wconf 83' lang='lat' dir='ltr'>ed</span> <span class='ocrx_word' id='word_1_262' title='bbox 727 3773 821 3817; x_wconf 80' lang='lat' dir='ltr'>axem</span> <span class='ocrx_word' id='word_1_263' title='bbox 840 3749 1029 3844; x_wconf 73' lang='lat' dir='ltr'>gyratiouis</span> <span class='ocrx_word' id='word_1_264' title='bbox 1052 3747 1251 3819; x_wconf 87' lang='lat' dir='ltr'>normaliter</span> <span class='ocrx_word' id='word_1_265' title='bbox 1273 3747 1433 3839; x_wconf 89' lang='lat' dir='ltr'>ducitur,</span> <span class='ocrx_word' id='word_1_266' title='bbox 1474 3754 1606 3827; x_wconf 83' lang='lat' dir='ltr'>ctiamli</span> <span class='ocrx_word' id='word_1_267' title='bbox 1624 3756 1671 3827; x_wconf 86' lang='lat' dir='ltr'>hie</span> 
     </span>
     <span class='ocr_line' id='line_1_31' title="bbox 324 3845 1670 3953; baseline 0.001 -28"><span class='ocrx_word' id='word_1_268' title='bbox 324 3882 392 3925; x_wconf 90' lang='lat' dir='ltr'>non</span> <span class='ocrx_word' id='word_1_269' title='bbox 411 3853 448 3926; x_wconf 85' lang='lat' dir='ltr'>stt</span> <span class='ocrx_word' id='word_1_270' title='bbox 469 3846 698 3931; x_wconf 64' lang='lat' dir='ltr'>meministin,</span> <span class='ocrx_word' id='word_1_271' title='bbox 721 3870 756 3922; x_wconf 89' lang='lat' dir='ltr'>ut</span> <span class='ocrx_word' id='word_1_272' title='bbox 771 3845 957 3949; x_wconf 87' lang='lat' dir='ltr'>pendulum</span> <span class='ocrx_word' id='word_1_273' title='bbox 978 3846 1118 3947; x_wconf 84' lang='lat' dir='ltr'>snnplex</span> <span class='ocrx_word' id='word_1_274' title='bbox 1140 3851 1195 3922; x_wconf 88' lang='lat' dir='ltr'>OS</span> <span class='ocrx_word' id='word_1_275' title='bbox 1213 3846 1393 3949; x_wconf 30' lang='lat' dir='ltr'>ert-eodem</span> <span class='ocrx_word' id='word_1_276' title='bbox 1415 3858 1483 3925; x_wconf 83' lang='lat' dir='ltr'>axis</span> <span class='ocrx_word' id='word_1_277' title='bbox 1500 3856 1670 3953; x_wconf 88' lang='lat' dir='ltr'>puuctoO</span> 
     </span>
    </p>
   </div>
   <div class='ocr_carea' id='block_1_9' title="bbox 326 3950 702 4055">
    <p class='ocr_par' dir='ltr' id='par_1_13' title="bbox 326 3950 702 4055">
     <span class='ocr_line' id='line_1_32' title="bbox 326 3950 702 4055; baseline -0.027 -26"><span class='ocrx_word' id='word_1_278' title='bbox 326 3950 517 4055; x_wconf 84' lang='lat' dir='ltr'>suspensum</span> <span class='ocrx_word' id='word_1_279' title='bbox 533 3954 702 4026; x_wconf 84' lang='lat' dir='ltr'>llutuatur.</span> 
     </span>
    </p>
   </div>
   <div class='ocr_carea' id='block_1_10' title="bbox 841 4114 1161 4189">
    <p class='ocr_par' dir='ltr' id='par_1_14' title="bbox 841 4114 1161 4189">
     <span class='ocr_line' id='line_1_33' title="bbox 841 4114 1161 4189; baseline 0 -5"><span class='ocrx_word' id='word_1_280' title='bbox 841 4114 1161 4189; x_wconf 77' lang='lat' dir='ltr'>sctrottou.</span> 
     </span>
    </p>
   </div>
   <div class='ocr_carea' id='block_1_11' title="bbox 326 4232 1671 4624">
    <p class='ocr_par' dir='ltr' id='par_1_15' title="bbox 326 4232 1670 4553">
     <span class='ocr_line' id='line_1_34' title="bbox 424 4232 1669 4343; baseline -0.003 -22"><span class='ocrx_word' id='word_1_281' title='bbox 424 4252 491 4343; x_wconf 83' lang='lat'>536.</span> <span class='ocrx_word' id='word_1_282' title='bbox 519 4248 606 4317; x_wconf 89' lang='lat' dir='ltr'>Cutn</span> <span class='ocrx_word' id='word_1_283' title='bbox 621 4234 704 4308; x_wconf 88' lang='lat' dir='ltr'>illud</span> <span class='ocrx_word' id='word_1_284' title='bbox 723 4232 904 4336; x_wconf 86' lang='lat' dir='ltr'>pendulum</span> <span class='ocrx_word' id='word_1_285' title='bbox 924 4236 1017 4308; x_wconf 80' lang='lat' dir='ltr'>litriili</span> <span class='ocrx_word' id='word_1_286' title='bbox 1037 4258 1134 4311; x_wconf 84' lang='lat' dir='ltr'>motu</span> <span class='ocrx_word' id='word_1_287' title='bbox 1152 4238 1253 4309; x_wconf 80' lang='lat' dir='ltr'>latum</span> <span class='ocrx_word' id='word_1_288' title='bbox 1267 4238 1311 4311; x_wconf 89' lang='lat' dir='ltr'>ob</span> <span class='ocrx_word' id='word_1_289' title='bbox 1332 4235 1451 4313; x_wconf 81' lang='lat' dir='ltr'>tnaffire</span> <span class='ocrx_word' id='word_1_290' title='bbox 1475 4243 1669 4321; x_wconf 83' lang='lat' dir='ltr'>evanescen-</span> 
     </span>
     <span class='ocr_line' id='line_1_35' title="bbox 328 4335 1670 4450; baseline 0.001 -30"><span class='ocrx_word' id='word_1_291' title='bbox 328 4358 408 4425; x_wconf 77' lang='lat' dir='ltr'>tium</span> <span class='ocrx_word' id='word_1_292' title='bbox 417 4352 550 4450; x_wconf 76' lang='lat' dir='ltr'>fimplex</span> <span class='ocrx_word' id='word_1_293' title='bbox 572 4357 735 4423; x_wconf 87' lang='lat' dir='ltr'>vocetur,</span> <span class='ocrx_word' id='word_1_294' title='bbox 770 4335 810 4405; x_wconf 83' lang='lat' dir='ltr'>ad</span> <span class='ocrx_word' id='word_1_295' title='bbox 833 4340 922 4407; x_wconf 80' lang='lat' dir='ltr'>hum</span> <span class='ocrx_word' id='word_1_296' title='bbox 950 4338 1089 4411; x_wconf 84' lang='lat' dir='ltr'>modurn</span> <span class='ocrx_word' id='word_1_297' title='bbox 1111 4366 1254 4437; x_wconf 81' lang='lat' dir='ltr'>corpora</span> <span class='ocrx_word' id='word_1_298' title='bbox 1275 4345 1411 4441; x_wconf 73' lang='lat' dir='ltr'>qumvis</span> <span class='ocrx_word' id='word_1_299' title='bbox 1427 4344 1562 4421; x_wconf 79' lang='lat' dir='ltr'>extensa</span> <span class='ocrx_word' id='word_1_300' title='bbox 1589 4350 1670 4421; x_wconf 75' lang='lat' dir='ltr'>circe</span> 
     </span>
     <span class='ocr_line' id='line_1_36' title="bbox 326 4432 1670 4553; baseline -0.003 -29"><span class='ocrx_word' id='word_1_301' title='bbox 326 4480 420 4541; x_wconf 82' lang='lat' dir='ltr'>anem</span> <span class='ocrx_word' id='word_1_302' title='bbox 440 4450 544 4523; x_wconf 82' lang='lat' dir='ltr'>fixum</span> <span class='ocrx_word' id='word_1_303' title='bbox 568 4438 713 4521; x_wconf 66' lang='lat' dir='ltr'>mobilis</span> <span class='ocrx_word' id='word_1_304' title='bbox 729 4442 846 4511; x_wconf 84' lang='lat' dir='ltr'>vocari</span> <span class='ocrx_word' id='word_1_305' title='bbox 871 4432 978 4511; x_wconf 89' lang='lat' dir='ltr'>solent</span> <span class='ocrx_word' id='word_1_306' title='bbox 997 4443 1134 4544; x_wconf 80' lang='lat' dir='ltr'>pendula</span> <span class='ocrx_word' id='word_1_307' title='bbox 1155 4446 1348 4547; x_wconf 61' lang='lat' dir='ltr'>compellent</span> <span class='ocrx_word' id='word_1_308' title='bbox 1381 4449 1427 4517; x_wconf 80' lang='lat' dir='ltr'>ite</span> <span class='ocrx_word' id='word_1_309' title='bbox 1460 4466 1497 4519; x_wconf 90' lang='lat' dir='ltr'>ut</span> <span class='ocrx_word' id='word_1_310' title='bbox 1524 4442 1670 4553; x_wconf 72' lang='lat' dir='ltr'>qunellio</span> 
     </span>
    </p>

    <p class='ocr_par' dir='ltr' id='par_1_16' title="bbox 1609 4556 1671 4624">
     <span class='ocr_line' id='line_1_37' title="bbox 1609 4556 1671 4624; baseline -0.048 0"><span class='ocrx_word' id='word_1_311' title='bbox 1609 4556 1671 4624; x_wconf 88' lang='lat' dir='ltr'>hut</span> 
     </span>
    </p>
   </div>
   <div class='ocr_carea' id='block_1_12' title="bbox 0 0 2050 5134">
    <p class='ocr_par' dir='ltr' id='par_1_17' title="bbox 0 0 2050 5134">
     <span class='ocr_line' id='line_1_38' title="bbox 0 0 2050 5134; baseline 0 5"><span class='ocrx_word' id='word_1_312' title='bbox 0 0 2050 5134; x_wconf 95' lang='lat' dir='ltr'> </span> 
     </span>
    </p>
   </div>
  </div>
 </body>
</html>
