4092 5134
485 236 495 267 Ι

217 438 416 573 emur
431 386 494 552 uu
525 432 602 528 ur
618 401 814 533 causas
829 426 1038 532 Morus
1054 445 1344 538 numanus
1359 448 1436 536 ac.
1469 480 1521 562 45

164 644 260 741 poris
283 641 447 738 rtuuatur,
488 637 581 713 causa
611 646 805 715 mutationis
837 637 894 717 seu
913 646 969 742 ⁸eis
1001 638 1245 745 semperextra
1267 641 1302 717 id
1327 644 1518 744 existat-ne·

166 734 253 825 eeffe
277 741 332 816 eii.

224 868 244 880 “
329 859 331 863 ’
655 900 978 982 senoctou.
1009 925 1034 975 ι.
1107 995 1113 1002 ,

269 1068 332 1132 121,
355 1046 422 1121 Hic
438 1074 521 1219 erqo
543 1047 692 1149 quaestio
709 1054 835 1135 oritur,
863 1054 944 1125 unde
966 1060 1071 1138 uires,
1097 1048 1209 1154 quibui
1226 1071 1385 1151 corporum
1395 1052 1518 1145 statum

157 1166 309 1253 perpetue
324 1160 446 1224 mutari
458 1151 671 1237 oiservamus,
699 1151 891 1243 nascantur?
919 1180 970 1238 ari,
987 1180 1056 1224 cum
1070 1162 1179 1224 nonin
1205 1152 1378 1253 corporibus
1389 1158 1458 1245 stne
1469 1155 1514 1244 ſs-

165 1268 238 1332 tac,
257 1250 444 1347 fiebstantiir
467 1250 728 1323 immaterialibus
748 1271 842 1320 erunt
867 1244 1077 1325 'tribuendaei
1128 1251 1235 1322 Aliter
1249 1251 1382 1350 quidam
1401 1252 1515 1323 Phiio-

153 1342 264 1448 'sophi
281 1357 505 1452 argumentari
522 1347 629 1422 soient
637 1378 649 1446 3
698 1358 880 1421 cnttreuim
895 1352 991 1424 ssatus
1019 1379 1203 1453 corporum
1226 1358 1386 1425 continuo
1406 1374 1515 1425 mute·

167 1466 244 1539 tur,
269 1450 472 1525 concludunt
492 1456 683 1523 mutationis
707 1452 804 1545 lmjus
827 1447 957 1523 cassiam
978 1460 1013 1552 in
1028 1454 1102 1554 ipsas
1118 1454 1316 1554 corporibus
1337 1460 1516 1543 contineri,
1563 1503 1566 1507 -

162 1554 315 1653 hincque
330 1563 445 1654 porro‘
458 1551 625 1640 inferunt,
657 1549 782 1653 singula
802 1579 947 1652 corpora
972 1562 1004 1625 vi
1029 1550 1094 1628 effe
1115 1552 1262 1653 praedita
1281 1556 1394 1627 ssatum
1419 1553 1515 1629 suum

167 1660 295 1754 jugiter
317 1653 481 1744 tnutandi,
515 1655 625 1756 sicque
648 1660 850 1755 principium
870 1660 1010 1728 inertiae
1032 1654 1183 1728 funditus
1209 1674 1372 1727 evertunt.
1447 1661 1514 1728 Ve-

170 1783 251 1828 rum
265 1763 297 1828 iu
314 1760 379 1829 hoc
397 1764 574 1830 ratiocinio
593 1755 756 1855 insignem
775 1752 889 1827 salttun
905 1763 1140 1841 committuut3
1166 1764 1317 1855 priorem
1333 1763 1422 1829 enim
1441 1785 1516 1857 par·

170 1878 260 1955 tem,
298 1856 389 1963 quod
409 1857 502 1932 carisa
517 1865 712 1931 mutationis
728 1859 825 1931 ssatus
843 1866 877 1930 iu
894 1862 1093 1962 corporibus
1115 1858 1154 1931 sn
1178 1858 1253 1948 fita,
1279 1856 1514 1947 concedentes,

168 1960 308 2034 aiteram
331 1982 461 2062 partem
483 1969 625 2035 omnino
648 1988 828 2062 negamus,
853 1962 944 2060 qnod
970 1960 1095 2063 iugula
1119 1968 1319 2060 corporavi
1344 1961 1515 2062 fiutpraess

168 2060 238 2137 dita
253 2058 348 2147 smmi
372 2064 489 2136 flatum
514 2061 673 2134 trrtttandi.
740 2060 880 2133 Causam
901 2061 1026 2137 scilicet
1049 2069 1243 2138 mutationis
1267 2063 1363 2136 ssatus
1385 2084 1514 2136 tantum

169 2166 209 2236 ab
224 2180 266 2238 'eo
282 2193 427 2265 corpore
444 2191 677 2245 ternovemus,
717 2171 808 2258 cujus
825 2164 921 2237 iiatus
938 2188 1105 2253 mmatur,
1135 2192 1274 2265 eamque
1300 2173 1333 2236 in
1354 2167 1424 2240 aliis
1441 2194 1515 2239 cor·

171 2268 307 2366 poribus
346 2265 547 2340 uaereudam
568 2263 633 2338 effe
651 2263 881 2356 affirmamus3¹
905 2289 1004 2370 atque
1029 2266 1114 2340 adeo
1137 2267 1333 2367 corporibus
1360 2275 1427 2338 vim
1456 2275 1514 2339 tri·

170 2372 300 2443 buimns
317 2297 460 2443 aiiionun
477 2371 592 2440 ssattun
611 2363 778 2455 mutandi,
804 2395 873 2438 nou
892 2367 996 2441 Γιιιιιιι.
1072 2368 1174 2465 Quod
1193 2387 1319 2441 tantum
1341 2369 1446 2456 abest,
1478 2386 1515 2439 ut

164 2468 348 2547 'abfitrdum
363 2470 470 2545 videri
488 2469 624 2559 debeat,
654 2488 691 2540 ιιι
707 2477 818 2567 potius
834 2497 873 2542 ex
890 2475 957 2544 hoc
975 2467 1067 2574 ipso,
1130 2470 1198 2543 uod
1221 2469 1348 2573 fingula
1368 2496 1514 2571 corpora

170 2571 405 2649 saturitate‘finr
442 2571 565 2647 raedita
582 2580 616 2645 iu
631 2566 784 2642 fiteiiiatu
809 2569 1062 2670 perseverandi,
1101 2500 1275 2675 aquatus,
1303 2579 1338 2649 in
1360 2579 1514 2673 corpori·

170 2678 230 2750 bus
253 2684 320 2750 vim
337 2683 391 2749 ine
420 2704 438 2747 e
458 2675 578 2749 de'bere
594 2672 737 2747 aliorum
755 2673 870 2744 ssatum
886 2674 1045 2746 nutandi.
1097 2678 1137 2744 ln
1154 2679 1313 2773 congerie
1333 2682 1423 2745 enim
1444 2673 1514 2772 plu·
1599 2666 1606 2681 ’

170 2786 261 2853 riusn
282 2804 484 2877 corporum,
509 2775 570 2847 uisa
597 2774 650 2847 vel
665 2781 778 2846 oramia
797 2772 989 2874 quiescant,
1019 2772 1072 2845 vei
1092 2772 1277 2874 aequalibus
1294 2774 1515 2846 celeritatibus

170 2870 355 2954 secuudum
372 2875 509 2951 eandem
528 2876 747 2950 direiiiouem
767 2873 937 2966 ferantur,
962 2869 1147 2950 necessario
1169 2881 1299 2965 evenit,
1332 2897 1368 2948 ut
1390 2874 1517 2977 fingula

169 2990 206 3056 iu
225 2981 305 3054 statu
324 2977 382 3054 suo
402 2977 491 3052 salvo
509 2982 717 3082 reliquorum
737 2979 819 3051 ssatu
836 3005 1032 3083 permanere
1049 2999 1225 3080 nequeant.
1250 3042 1252 3047 ι
1275 2983 1518 3080 Concipiamus

171 3088 264 3158 euim
281 3079 348 3154 duo
366 3109 509 3183 corpor-a
528 3088 556 3154 Α
572 3101 604 3155 et
617 3085 659 3178 B,
686 3107 831 3181 quorum
848 3081 930 3155 iilud
946 3079 985 3153 ad
1008 3084 1074 3153 hoc
1092 3083 1305 3181 pervenerit,
1334 3081 1408 3154 fieri
1425 3098 1519 3177 certe

170 3193 305 3285 nequit,
336 3205 370 3257 ut
389 3210 509 3284 corpus
527 3188 554 3255 Α
574 3202 706 3254 nucitum
723 3179 817 3253 suum
840 3192 1030 3270 continuet,
1064 3190 1145 3283 quin
1166 3178 1263 3255 fimui
1286 3209 1408 3283 corpus
1431 3186 1454 3253 B
1476 3178 1519 3253 de

136 3375 138 3379 Ι
169 3284 458 3385 ssatusuoquictis
477 3283 691 3373 deturbetur3
745 3309 852 3381 neque
886 3308 923 3358 ut
954 3310 1078 3383 corpus
1107 3288 1187 3356 Bin
1209 3288 1340 3383 quiete'
1361 3281 1520 3379 persistat,

157 3397 249 3493 quin
267 3388 361 3460 immi
379 3392 532 3483 corporis
555 3393 582 3458 Λ
606 3402 717 3456 motus
741 3382 875 3461 fiilatur.
927 3392 1038 3488 Quare
1061 3414 1138 3458 cum
1162 3386 1260 3457 ambo
1281 3384 1377 3457 iimui
1399 3382 1519 3455 [ianam

171 3498 265 3566 inum
289 3485 486 3564 conservare
509 3505 687 3587 nequeant,
710 3480 840 3560 neceffe
860 3490 917 3585 ess,
941 3508 978 3560 ut
1002 3484 1057 3558 vei
1076 3496 1247 3587 utriusque
1261 3488 1314 3558 vei
1333 3482 1447 3560 saitem
1471 3483 1520 3555 al-

169 3601 324 3667 terutrius
347 3590 442 3662 {iatius
463 3610 629 3685 mutetur,
657 3591 758 3687 idque
778 3589 821 3659 ob
843 3592 908 3665 hoe
928 3586 1047 3691 ipsum,
1065 3590 1155 3691 quod
1179 3610 1359 3689 utrumque
1380 3597 1415 3661 iu
1434 3588 1519 3659 statu

168 3690 456 3796 suo-perseverare
470 3713 620 3767 conatur.
671 3686 926 3791 cousequenter
949 3688 1014 3793 ipsa
1037 3688 1245 3795 lingularum
1266 3718 1451 3793 corporum
1469 3686 1520 3781 far·
1626 3752 1630 3764 ,

171 3797 273 3872 cultas
289 3803 323 3867 in
341 3794 421 3866 ssatu
439 3788 497 3866 suo
511 3789 750 3895 perseverandi
775 3798 861 3867 vires
875 3792 1083 3895 suppeditat,
1109 3795 1229 3897 quibus
1253 3794 1398 3869 aliorum
1421 3792 1519 3868 ssatus

121 3914 123 3919 ’
166 3904 336 3977 imnmtari
357 3892 464 3998 possit.

645 4000 962 4144 serroaroju.
998 4071 1025 4117 2.

270 4188 330 4275 ria.
352 4204 480 4275 Verum
497 4198 518 4274 ss
534 4225 640 4298 porro
659 4220 875 4299 quaeramus,
901 4219 961 4265 cnr
977 4193 1078 4267 arrabo
1095 4191 1151 4269 illa
1175 4220 1319 4301 corpora
1337 4205 1365 4275 ,t
1389 4220 1422 4275 et
1439 4203 1463 4273 B
1478 4196 1517 4272 fi-

168 4304 241 4381 mul
258 4301 413 4403 quodque
428 4309 462 4374 iu
477 4300 535 4375 suo
549 4303 631 4375 ssatu
648 4297 862 4399 perseverare
880 4323 953 4375 uon
967 4294 1108 4401 poffint:
1135 4328 1207 4374 eam
1222 4307 1256 4373 iu
1278 4302 1516 4403 impenetrabi-

169 4411 258 4483 iitate
283 4402 457 4479 manifesto
488 4404 578 4477 fitam
600 4400 664 4477 effe
679 4396 970 4503 depreheudiums.
1022 4404 1110 4475 Nam
1132 4403 1157 4474 ii
1173 4401 1228 4473 iiia
1255 4428 1398 4501 corpora
1414 4400 1449 4473 se
1464 4408 1515 4472 in-

121 4518 125 4525 ’
151 4520 277 4585 sicem
292 4498 467 4608 penetrare
483 4500 630 4608 poss‘eut,
658 4512 704 4578 ita
720 4525 753 4577 ut
770 4502 911 4576 alterum
929 4502 1026 4576 alteri
1042 4504 1251 4578 liberrimum
1267 4502 1443 4681 transitum}
1455 4526 1516 4601 per

822 4607 847 4674 F
873 4627 892 4691 3
1438 4632 1516 4679 uam

1535 4004 1571 4023 Ὦ
