4092 5134
330 468 392 558 ,ῃ
517 430 789 525 curura.
852 428 930 521 un
955 372 1136 527 Moru
1157 422 1498 521 armanno
1547 346 1559 382 ’

483 708 665 787 secundum
681 706 743 781 GK
764 736 802 776 τ.
826 658 881 755 7—7·
891 702 976 801 [γά
983 700 1026 773 Μ
1040 722 1074 775 et
1091 698 1275 777 secuudum
1292 698 1354 773 GL
1368 652 1628 819 εζ-ἵΙΖᾹΜ,

334 848 451 948 quibus
468 874 551 949 ergo
567 848 689 921 viribus
706 843 782 918 illac
797 785 980 916 sessndum
995 843 1049 913 Ee
1075 857 1107 911 et
1123 835 1263 939 Fssunt
1275 782 1464 939 aequales

843 1009 1085 1083 conoul.
1142 1030 1174 1097 3.

433 1124 502 1248 3ql.
516 1114 551 1221 'fi
566 1148 703 1250 planum
715 1151 814 1238 AOB,
832 1147 924 1251 quod
939 1151 1080 1224 arbitrio
1089 1146 1205 1223 nostro
1221 1148 1436 1253 relinquitur,
1451 1175 1513 1248 per
1523 1171 1681 1225 centrum

333 1259 471 1327 inertiae
486 1258 501 1325 I
516 1258 668 1353 corporis
686 1248 822 1325 dudum
838 1246 1035 1341 assumatur,
1062 1271 1099 1324 ut
1116 1249 1154 1323 sit
1170 1252 1217 1321 Kl
1234 1288 1274 1322 -.:
1289 1280 1312 1327 o
1327 1270 1359 1325 ct
1372 1254 1446 1337 sad
1453 1256 1494 1325 M
1509 1287 1548 1323 .-.-
1563 1277 1597 1341 0,
1613 1260 1680 1325 erit

334 1352 469 1456 quidem
487 1363 534 1427 vis
550 1356 575 1426 F
575 1358 606 1453 s
612 1388 649 1424 =
662 1378 701 1443 0,
725 1375 757 1427 at
772 1380 854 1427 vero
868 1352 1018 1427 dislantia
1032 1356 1092 1426 OF
1107 1350 1234 1424 infinita
1243 1384 1255 1445 ;
1283 1360 1327 1425 ita
1343 1374 1454 1429 tamen
1466 1375 1502 1428 nt
1518 1362 1586 1452 ejus
1603 1380 1681 1428 mo·

335 1554 488 1610 mentum
507 1534 546 1608 fit
568 1534 719 1621 finitum,
742 1530 867 1609 scilicet
890 1542 939 1609 via
953 1536 1007 1627 rf.
1026 1538 1085 1609 01²
1099 1570 1138 1605 =
1153 1486 1213 1681 ἔξ
1223 1522 1398 1635 sxsz.

845 1708 1174 1817 senorrou.

434 1907 511 1980 342.
538 1885 633 1955 Binan
651 1900 762 1954 autem
780 1881 837 1951 has
857 1885 943 1951 vires
958 1884 1012 1953 Ee
1027 1898 1061 1952 et
1078 1884 1131 1981 Ff
1143 1906 1216 1953 non
1238 1880 1377 1957 ulterius
1400 1880 1442 1955 ad
1459 1877 1565 1955 'unam
1581 1906 1682 1956 revo-

335 2012 409 2061 care
425 1986 526 2080 licet,
549 1982 608 2055 nisi
624 1980 838 2056 intervallum
854 1985 910 2052 EF
930 1978 1127 2055 evanescat:
1153 2009 1230 2055 nam
1246 1982 1331 2058 duae
1347 1989 1439 2057 vires
1449 1983 1556 2057 lineae
1570 1984 1682 2057 redae

333 2098 368 2162 in
387 2086 515 2159 duobus
532 2084 667 2157 diuersis
682 2084 812 2184 pnndlis
828 2081 1005 2183 applicatae
1020 2081 1060 2154 ad
1076 2110 1177 2156 ruram
1191 2084 1308 2159 reduci
1329 2106 1499 2186 nequeunt
1516 2144 1527 2174 ,
1553 2084 1613 2157 nisi
1630 2086 1681 2158 di·
1719 2124 1722 2129 ·

331 2190 498 2263 redioncs
513 2193 634 2260 virium
651 2184 778 2259 suerint
797 2188 833 2255 iu
846 2179 968 2255 eodem
988 2184 1099 2283 plano.
1150 2190 1280 2260 Verum
1304 2183 1389 2260 duae
1414 2188 1492 2261 illae
1516 2193 1604 2259 viter
1626 2186 1683 2261 Ee

331 2312 364 2367 ct
382 2293 436 2385 ΡΙ
445 2289 581 2362 infinitis
598 2285 707 2363 modis
724 2284 764 2359 ad
778 2283 857 2359 duas
871 2284 947 2359 aliar
962 2282 1077 2359 reduci
1092 2284 1245 2387 possunt,
1270 2286 1367 2362 sicuti
1385 2286 1435 2377 fit,
1452 2286 1478 2363 si
1493 2288 1616 2389 positio
1631 2288 1682 2361 di·

330 2392 523 2466 redlricium
540 2393 597 2463 OB
613 2411 645 2463 et
665 2392 728 2461 OC
743 2408 905 2475 mutetur,
932 2394 979 2459 uti
1002 2387 1147 2461 uidimus
1163 2386 1256 2479 casu,
1281 2418 1351 2491 quo
1367 2388 1503 2489 planum
1519 2392 1608 2463 uon
1622 2416 1685 2493 per

331 2513 486 2567 centrum
502 2499 641 2568 inertiae
656 2490 908 2587 ducitur„vim
926 2492 976 2586 Ff
984 2486 1200 2579 evanescere,
1216 2512 1248 2564 et
1263 2490 1457 2565 distantiam
1465 2494 1524 2565 OF
1538 2492 1613 2565 fieri
1631 2500 1683 2565 iu·

330 2596 471 2670 finitam.
522 2598 668 2665 Inventis
685 2610 795 2665 autem
810 2584 1004 2686 liujusmodi
1022 2592 1107 2663 binis
1132 2594 1258 2665 viribus
1280 2598 1335 2665 Ee
1353 2612 1388 2665 et
1415 2596 1490 2691 ΡΙ,
1516 2620 1596 2695 quas
1612 2602 1681 2667 axis

331 2700 515 2799 gyrationis
536 2690 697 2782 sulliuet,
719 2698 804 2766 ucis
822 2689 863 2767 de
882 2691 944 2766 litu
961 2688 1020 2765 suo
1038 2691 1276 2794 dimoveatur,
1297 2690 1427 2768 necesse
1450 2695 1523 2783 est,
1546 2718 1583 2767 ut
1598 2724 1616 2767 a
1633 2703 1681 2767 vi·

330 2801 421 2871 ribus
438 2824 475 2869 ac
502 2796 624 2872 ualibns
639 2818 672 2871 et
688 2802 863 2869 contrariis
887 2802 1081 2869 retineatur.
1136 2797 1271 2873 Scilicet
1295 2796 1320 2868 fi
1341 2804 1410 2869 auis
1431 2802 1466 2869 in
1489 2798 1518 2867 E
1542 2816 1576 2869 et
1599 2802 1682 2871 Fer

335 2898 463 2973 annulis
477 2825 554 2969 litis
573 2894 797 2995 suspendatur,
817 2902 904 2968 intra
919 2922 1003 2994 quos
1021 2896 1125 2969 libere
1138 2904 1251 2997 gyrari
1266 2916 1373 2995 queat,
1389 2901 1527 2969 annulus
1542 2904 1579 2969 in
1593 2903 1621 2971 E
1633 2896 1683 2972 su·

336 3000 467 3075 slinebit
486 3004 553 3068 vim
578 3000 628 3069 Ee
646 3016 678 3069 et
694 2996 832 3067 annulus
858 3002 893 3067 iu
914 3000 939 3067 F
961 3003 1032 3067 vim
1057 2999 1128 3096 Ff,
1154 2996 1242 3071 uude
1262 2998 1458 3073 firmitatem
1479 2998 1682 3073 annulorum

338 3099 499 3197 colligere
516 3096 605 3167 licet.
671 3100 800 3167 Verum
825 3096 849 3167 si
875 3103 942 3177 axis
965 3104 1000 3168 iu
1023 3094 1107 3169 datis
1127 3094 1258 3173 duobus
1279 3102 1531 3202 quibuscunque
1551 3102 1681 3203 punClis

339 3197 489 3273 sullineri
505 3194 644 3287 debeat,
670 3203 756 3269 vires
784 3194 932 3301 assignari
959 3220 1145 3299 poterunt,
1174 3202 1290 3275 inillis
1312 3204 1443 3304 pundlir
1465 3198 1680 3293 adhibendae,

224 3342 226 3347 ·
339 3308 463 3375 utaris
488 3307 646 3374 immotus
669 3296 846 3389 servetur,
887 3328 987 3402 quam
1008 3302 1299 3408 ini'esllgationem
1323 3311 1360 3379 iu
1381 3302 1532 3407 sequenti
1543 3306 1682 3411 proble-

339 3426 427 3479 matc
448 3400 673 3505 suscipiamus.
782 3424 787 3433 ·
1366 3398 1371 3407 “

759 3582 1177 3656 PROBLEMA·
1233 3592 1308 3664 8·¹

177 3721 250 3830 Fig,
265 3750 311 3819 3²·
436 3734 505 3801 343.
528 3712 561 3783 Si
580 3715 672 3797 axis,
700 3714 902 3812 circa-quem
923 3739 1045 3813 corpus
1061 3710 1207 3815 rigidum
1232 3733 1330 3800 motu
1350 3708 1517 3801 uniformi
1529 3728 1681 3812 gyratur,

337 3818 373 3885 in
389 3809 471 3883 datis
487 3802 615 3883 duobus
629 3812 758 3907 panon
776 3816 807 3883 Ο
824 3833 857 3887 et
882 3820 911 3889 A
938 3833 1117 3904 teneatur,
1142 3813 1285 3889 definite
1307 3818 1393 3887 vires
1404 3870 1420 3905 ,
1447 3836 1528 3915 quas
1549 3818 1619 3893 axia
1643 3820 1680 3887 in

338 3910 533 3990 hisduobus
553 3912 846 4017 punt‘lissuslinet.
1288 3912 1291 3917 ’
1445 3950 1448 3955 -

850 4084 954 4159 SOJL
975 4088 1009 4161 U
1025 4086 1092 4161 TI
1104 4086 1141 4159 0.

436 4222 855 4311 Manentibua'omnibuc,
882 4252 965 4325 quae
987 4232 1023 4297 in
1045 4224 1255 4323 problemate
1278 4174 1506 4318 praecedentc‘
1522 4174 1600 4293 suut
1616 4238 1681 4317 po-

335 4320 419 4411 fita,
453 4331 540 4398 vires
563 4350 656 4397 arem
678 4320 892 4397 sollicitantes
914 4324 955 4397 ad
976 4321 1056 4397 duas
1077 4328 1131 4397 Ec
1150 4343 1182 4397 et
1203 4326 1229 4395 F
1229 4324 1264 4421 f
1278 4316 1352 4393 sunt
1373 4340 1576 4420 revocatae,
1600 4340 1680 4419 qua·

333 4452 411 4505 rum
427 4426 481 4503 illa
497 4424 665 4503 diredlriei
684 4428 754 4525 OB,
768 4428 850 4501 hacc
867 4450 952 4500 uero
966 4420 1136 4499 diredlric'i
1151 4426 1216 4499 OC
1230 4424 1276 4498 esl
1289 4420 1457 4525 paradela,
1470 4422 1517 4497 ita
1531 4438 1570 4495 ut
1581 4414 1629 4493 fir
1654 4440 1672 4481 -··

1629 4562 1681 4619 Vl!
