4092 5134
224 420 257 439 “
354 466 436 555 450
627 518 631 529 ,
822 428 1175 519 -cnuurr
1260 446 1358 547 ²..

186 650 232 726 1:5-
266 644 323 725 “¹¹2
360 614 1245 729 quouis'ternporeadcontactume'llrespiciendum.¹
1287 618 1337 689 Sit
1358 620 1468 729 igitur
1487 612 1700 731 EF'snperti·

226 674 262 751 g·
325 672 437 815 5cies,
452 754 551 827 quam
569 744 723 813 tanquam
739 731 870 822 planam
887 723 1175 822 contemplemur,
1196 716 1356 820 liquidem
1374 722 1451 788 hinc
1470 712 1640 793 sacilead
1658 732 1713 792 lu-·

359 826 514 933 perlicies
529 850 694 897 convexas
712 841 743 894 et
768 851 929 897 concavas
950 823 1108 917 judicium
1138 819 1316 893 extendere
1334 820 1445 890 licebit
1462 822 1607 911 e'huius
1631 848 1699 923 ergo

358 928 512 1031 asperitas
534 932 750 1023 praecipuum
777 926 890 999 locum
912 930 999 995 inter
1021 920 1129 993 causas
1154 920 1322 995 frictionis
1348 938 1465 1003 tenet,
1505 920 1697 1021 quoniams
1727 966 1732 1027 .'

358 1028 550 1128 superficies
562 1022 712 1125 perfecte
729 1018 811 1099 esset
827 1024 931 1124 polita
950 1044 983 1096 ct
1011 1024 1197 1125 laevigata,
1224 1020 1373 1093 [fictioni
1401 1018 1514 1092 nullus
1544 1022 1639 1097 locus
1657 1050 1697 1095 re
1723 1074 1732 1141 l

260 1198 263 1203 .
360 1134 596 1229 linqueretur:
624 1154 664 1197 ex
678 1126 959 1226 quo'colligitur‚
989 1152 1058 1225 quo
1073 1130 1177 1223 magis
1196 1119 1385 1221 superficies
1401 1120 1507 1227 suerit
1526 1120 1653 1222 aspera,
1666 1152 1695 1196 eo
1729 1146 1732 1245 p

358 1238 524 1323 majorem
542 1224 737 1298 frictionem
753 1227 828 1297 sieri
844 1244 1015 1325 oportere.
1083 1222 1214 1296 Deinde
1245 1223 1324 1295 baiis
1350 1228 1507 1321 corporis
1537 1229 1622 1313 AB,
1648 1252 1697 1325 qur

358 1332 399 1405 fit
422 1346 621 1416 contactus,
647 1330 900 1425 inlcomputum
924 1328 969 1397 cll
985 1322 1160 1413 ducenda,
1203 1333 1294 1417 cuins
1317 1322 1520 1423 magnitudo
1550 1348 1585 1399 et
1607 1328 1697 1433 figura

289 1404 294 1417 .
360 1416 403 1503 an
420 1437 597 1530 quicquam
621 1426 663 1498 ad
686 1424 878 1499 frictionem
901 1424 1077 1513 conferat,
1107 1424 1259 1499 nondum
1286 1426 1415 1525 liquet,
1440 1424 1604 1523 asperitas
1628 1454 1693 1499 vcro

360 1552 452 1603 certe
467 1556 544 1602 cum
559 1525 731 1627 asperitate
747 1520 937 1625 ssiperficiei
957 1535 1161 1624 conjuncta,
1191 1529 1245 1597 ubi
1263 1531 1428 1623 imprimis
1448 1536 1565 1599 motui
1586 1530 1628 1601 cll
1647 1530 1693 1600 ob·

359 1631 512 1715 liaculo,
549 1636 592 1699 ita
616 1626 809 1699 frictionem
834 1654 996 1729 generare
1021 1630 1064 1699 eli
1090 1628 1241 1727 putanda.
1305 1630 1404 1697 Circa
1427 1626 1543 1725 ipsum
1568 1628 1693 1729 denique

359 1759 481 1829 cprpus
498 1733 583 1801 ΑΒΕ
586 1732 618 1799 D
633 1750 764 1826 praeter
781 1737 849 1824 ejus
866 1724 999 1799 massam
1026 1728 1231 1829 reliquasque
1251 1734 1473 1825 proprietates
1495 1788 1505 1817 ‚
1533 1738 1602 1825 ejus
1621 1726 1693 1830 pres·

247 1818 252 1827 ⁵
358 1812 463 1907 sioad
488 1827 699 1927 superficiem
722 1830 790 1901 fine
813 1830 917 1901 dubio
943 1838 1077 1899 umximi
1109 1834 1150 1902 cll
1178 1835 1557 1927 momenti,quoniam
1580 1832 1712 1904 linullt.

358 1940 393 2005 vi
414 1932 455 2005 ad
481 1958 552 2002 eam
586 1938 853 2027 apprimerctur‚
896 1931 986 2001 nulla
1010 1950 1099 2002 certe
1123 1928 1232 2001 frictio
1251 1924 1388 2013 adesset,
1406 1956 1604 2035 corpusque
1631 1958 1689 2032 per·

355 2032 436 2105 inde
476 2052 708 2119 attereretur,
751 2030 837 2101 ac'sr
865 2027 1056 2129 superficies
1088 2028 1214 2103 abesset.
1302 2032 1388 2101 Cum
1421 2034 1565 2105 turulem
1596 2032 1690 2105 frictio

331 2089 429 2205 lnon
451 2130 511 2200 nili
539 2136 574 2199 iu
601 2150 697 2201 rriotn
724 2152 910 2214 cernatur,
959 2132 1108 2203 celeritas
1137 2158 1271 2231 quoque
1302 2152 1462 2231 tauquam
1487 2136 1617 2235 insigne
1645 2130 1713 2211 sd.

358 2237 480 2304 ctionis
495 2249 704 2301 momentum
717 2228 824 2303 videri
840 2226 948 2327 pollet
964 2290 973 2320 ,
1001 2228 1055 2305 sed
1068 2257 1199 2333 praeter
1218 2239 1488 2330 expectationem
1512 2238 1688 2321 videbimur,

291 2374 294 2381 ·
362 2332 568 2417 celeritatem
582 2330 677 2405 nullo
692 2331 796 2404 modo
809 2330 848 2403 ad
865 2330 1058 2405 frictionem
1075 2330 1359 2405 determinandam
1372 2360 1598 2429 concurrere,
1619 2332 1691 2441 quod

359 2422 406 2505 eo
422 2436 526 2529 magis
538 2431 583 2503 ell
597 2432 802 2519 mitandum,
816 2460 893 2505 cum
911 2429 1030 2505 sublata
1043 2436 1212 2507 celeritate
1230 2441 1336 2505 onmis
1353 2432 1472 2509 frictio
1492 2460 1590 2513 certe
1605 2434 1690 2515 cesset.

361 2526 604 2633 Qttodfieigo
622 2560 744 2630 corpus
771 2532 950 2607 secundum
974 2535 1199 2608 directionem
1224 2540 1273 2607 BF
1293 2532 1390 2633 super
1418 2534 1604 2639 superficie
1631 2568 1690 2643 pto·

358 2656 561 2720 moueatur,
595 2640 644 2705 uis
665 2632 794 2719 aderit,
833 2663 896 2735 qua
922 2634 955 2707 id
979 2634 1161 2710 secundum
1185 2638 1409 2711 directionem
1437 2643 1690 2743 oppositatnpdli

359 2730 584 2821 sollicitatur,
611 2738 760 2833 haecque
781 2742 830 2805 vis
850 2735 965 2809 frictio
981 2760 1130 2816 coeatur.

459 2936 538 3026 960.
560 2930 768 3005 Frictionem
791 2938 845 3006 hic
869 2944 980 3035 primo
1005 2958 1160 3039 tamqnam
1184 2943 1450 3039 plracuomenon
1475 2945 1691 3027 considerabo,

357 3036 449 3122 eujus
472 3038 635 3129 quantitas
665 3054 697 3105 et
719 3034 848 3107 indoles
871 3042 964 3111 nobis
988 3049 1185 3139 experientia
1217 3050 1398 3117 innotuerit
1425 3103 1436 3127 ‚
1481 3046 1642 3149 deinceps
1668 3056 1693 3118 in

361 3136 431 3222 ejus
448 3124 573 3218 causas,
590 3156 751 3231 quantum
771 3137 846 3208 fieri
861 3138 963 3225 licet,
991 3142 1212 3239 iuquifiturus.
1270 3148 1356 3217 Cum
1372 3152 1467 3219 enim
1485 3152 1548 3227 liic
1562 3150 1694 3253 physicae

356 3256 540 3328 corporum
558 3236 753 3330 qualitates,
781 3232 966 3329 cujusmodi
984 3238 1058 3312 sunt
1076 3240 1263 3339 asperitates
1286 3243 1579 3349 superficierum,
1610 3276 1641 3326 et
1656 3278 1694 3323 rr-

356 3336 419 3425 tio,
435 3359 499 3431 qua
520 3330 603 3403 tinae
621 3332 810 3431 superficies
827 3346 970 3413 invicem
989 3342 1154 3441 appressne
1171 3345 1227 3415 fibi
1244 3368 1363 3419 mutuo
1382 3348 1533 3450 cedant,
1561 3373 1594 3429 et
1611 3358 1691 3427 mini·

354 3436 419 3503 mis
434 3434 601 3528 particulis
627 3436 797 3535 quasdam
813 3442 1040 3539 impressiones
1066 3445 1250 3539 inducant,
1278 3468 1389 3522 totum
1412 3454 1510 3554 quali
1532 3476 1691 3555 negotium

354 3532 536 3605 conficiant
556 3562 568 3629 3
597 3538 639 3607 ob
656 3536 823 3612 desectum
844 3544 914 3615 talis
931 3552 1132 3645 cognitionis
1148 3573 1330 3646 corporum
1351 3562 1512 3628 contenti
1531 3556 1597 3632 else
1609 3557 1691 3629 debc-

353 3658 428 3701 mus
444 3622 674 3729 plaaeucmeua
692 3638 857 3713 frictionis
873 3652 914 3715 ita
931 3655 1104 3745 accipere,
1138 3658 1249 3746 pronti
1276 3679 1311 3722 ea
1337 3654 1439 3727 nobis
1466 3658 1510 3729 ab
1536 3666 1691 3759 experiere·

353 3737 399 3800 tia
430 3732 700 3829 suppeditantur,
728 3744 1009 3841 quemadmodmu
1027 3755 1125 3819 etiam
1147 3751 1282 3821 aliarum
1302 3760 1425 3827 virium
1448 3816 1458 3845 ,
1488 3788 1634 3861 quarum
1653 3756 1688 3831 es·

353 3828 509 3901 fectusiu
539 3842 731 3911 n‘leclnsuica
755 3846 972 3931 evolcium,
999 3858 1099 3947 origo
1122 3859 1259 3923 uiinime
1286 3855 1328 3924 esl
1358 3854 1549 3957 perspecta.
1580 3880 1582 3885 '
1611 3864 1687 3957 Quae

351 3958 439 4029 ergo
455 3958 514 4028 pcr
531 3946 769 4031 experientiam
784 3949 881 4019 nobis
900 3958 986 4021 circa
1002 3950 1168 4025 frictionis
1186 3951 1336 4027 indolem
1350 3963 1584 4039 innotuerunt
1598 4021 1609 4051 ,
1629 3966 1684 4035 brt·

353 4035 442 4103 uiter
465 4036 703 4113 recenseamus.

778 4150 1188 4229 PHAENOMENON.
1240 4184 1267 4239 ι.
1366 4206 1371 4215 ·

448 4240 519 4327 961.
543 4239 582 4307 Si
598 4245 765 4323 cctnafiat
780 4262 872 4333 paria
888 4307 897 4339 ,
914 4256 1032 4345 finito
1056 4286 1114 4327 ium
1122 4261 1237 4357 pendet
1250 4288 1270 4329 a
1283 4268 1419 4359 carparis
1439 4270 1626 4363 celeritate,
1638 4260 1682 4349 sis

337 4334 410 4424 five
423 4334 462 4403 id
473 4338 598 4405 celerius
617 4342 741 4413 incedat
751 4350 820 4435 fiae
834 4350 972 4437 tardius,
986 4360 1114 4431 candem
1129 4368 1234 4434 exerit
1249 4369 1334 4451 vim,
1360 4371 1456 4461 cujus
1472 4370 1611 4447 direHr'o
1620 4378 1677 4464 lt*

338 4436 743 4531 percsscomrariamaar
757 4444 934 4523 mauroni-
1234 4459 1236 4463 ’

1612 4568 1674 4641 CO·
