4092 5134
423 440 427 445 ·
707 306 1157 522 murrum
1364 384 1366 388 ’
1548 306 1611 545 32}

552 608 977 797 ,CAPUT
1075 607 1298 767 XIV.

315 840 589 961 EMOTU
613 847 982 961 TURBINUM
999 849 1211 963 SUPER
1227 854 1465 968 PLANO
1480 860 1608 971 HO-
1752 884 1754 889 ·
1812 860 1819 873 ’

315 1014 592 1124 rourum,
622 1016 686 1100 ru
718 1012 922 1139 ernus
957 1014 1156 1101 ouum
1185 998 1500 1110 Mounur‘n
1517 1024 1609 1111 tu-

416 1146 819 1260 nunnesuuu
841 1144 1021 1273 turni
1044 1148 1110 1235 sn
1134 1148 1448 1284 numinum
1654 1169 1657 1175 ·

713 1362 1055 1438 nrrrurrro.
1088 1386 1161 1455 ra.

360 1530 441 1619 764.
468 1456 622 1605 Turbo
636 1523 681 1596 cst
696 1550 819 1629 corpus
833 1524 981 1630 rigidum
996 1527 1086 1601 halla
1096 1524 1237 1602 inferius
1254 1534 1439 1601 acuminata
1454 1555 1514 1629 per
1529 1556 1607 1605 cen·

315 1654 351 1699 m
378 1633 517 1698 inertiae
544 1626 742 1721 trajectum,
775 1656 860 1732 quae
886 1629 985 1704 sunul
1013 1658 1092 1704 cum
1117 1656 1177 1737 axe
1203 1628 1316 1733 aliquo
1339 1629 1513 1733 principali
1533 1658 1609 1705 cor·

315 1736 354 1803 ris
381 1734 570 1802 conveniat.
1560 1736 1565 1757 “·

711 1880 1162 1957 ΗΗΜΑΥΙΟ.

363 2035 433 2122 765.
458 2026 663 2126 Huiusmodi
679 2032 780 2103 turbo
805 2030 851 2105 cll
873 2031 1006 2120 Alibi),
1030 2037 1066 2104 in
1087 2058 1157 2134 quo
1173 2031 1236 2104 nl)
1253 2028 1403 2115 hastam,
1426 2046 1460 2102 et
1476 2027 1520 2103 Bb
1534 2054 1610 2102 eor·
1631 2040 1775 2117 ‘rabah'

315 2132 510 2225 rtrujedlum
526 2130 653 2223 refert,
681 2152 716 2203 ut
730 2132 819 2206 halla
835 2150 919 2207 curn'
929 2159 1078 2233 corpore
1093 2160 1200 2207 unum
1215 2158 1337 2232 corpus
1361 2127 1509 2231 rigidum
1526 2159 1606 2205 con·
1655 2149 1747 2223 xlv,

316 2260 395 2306 uere
410 2232 449 2304 fit
462 2232 646 2309 censenda:
673 2234 729 2307 ubi
745 2232 885 2337 quidem
901 2236 989 2307 halla
1012 2262 1084 2307 uon
1108 2232 1218 2308 solum
1240 2260 1301 2334 per
1324 2238 1428 2305 totius
1452 2238 1607 2333 corporis
1632 2250 1769 2350 ΗΜ,
1840 2228 1842 2232 ’

315 2355 416 2411 rtrum
433 2340 571 2410 inertiae
591 2342 606 2410 l
624 2336 763 2422 transit,
787 2331 963 2407 sedetiam
982 2362 1079 2410 axem
1100 2334 1319 2438 principalem
1341 2339 1495 2435 corporis
1518 2340 1610 2407 exhi-

315 2464 329 2506 :.
379 2439 513 2510 Hailam
533 2436 671 2540 quidem
685 2430 773 2509 infra
786 2440 870 2513 itt-D
885 2442 921 2509 in
942 2434 1112 2538 cuspidem
1131 2432 1343 2510 acutiilluram
1363 2433 1513 2508 desinere
1530 2431 1613 2509 allu-

315 2565 349 2626 ),
376 2564 441 2638 qua
461 2542 560 2612 turbo
575 2540 764 2613 constanter
781 2538 883 2641 plano
899 2538 1109 2613 horizontali
1122 2536 1268 2627 insistat,
1294 2556 1328 2610 et
1343 2532 1441 2635 super
1464 2562 1505 2607 eo
1523 2545 1613 2611 ince-

315 2660 350 2733 t;
373 2643 429 2712 hic
452 2649 544 2713 enim
560 2641 643 2713 alios
671 2660 783 2710 motus
805 2666 877 2711 non
903 2637 1118 2741 prosequor,
1154 2637 1216 2711 nist
1237 2634 1398 2740 quamdiu
1422 2638 1522 2708 turbo
1544 2638 1615 2710 sola

315 2739 402 2837 zpide
418 2746 451 2813 D
468 2743 604 2840 planum
623 2738 835 2813 horizontale
857 2747 1048 2826 continue
1095 2744 1216 2813 Statim
1241 2745 1331 2814 enim
1352 2764 1390 2811 ac
1414 2739 1513 2809 turbo
1537 2765 1614 2839 pro-

315 2844 420 2927 mbit,
448 2851 515 2937 ejus
536 2862 650 2915 mutue
663 2838 704 2913 ad
721 2838 811 2913 alind
827 2868 934 2943 genun
947 2831 995 2917 ell
1016 2839 1213 2919 referendus
1229 2897 1241 2931 ,
1269 2837 1364 2943 quod
1385 2864 1464 2911 cum
1487 2846 1615 2914 turbini

318 2970 340 3010 n
356 2942 496 3040 amplius
513 2942 552 3017 fit
566 2950 769 3045 preprium,
791 2946 846 3017 laic
868 2971 941 3019 uon
954 2951 1095 3048 attingo.
1147 2942 1187 3018 ld
1212 2969 1296 3047 ergo
1317 2946 1374 3017 hie
1396 2934 1536 3029 alsamo,
1560 2969 1615 3019 rc·

315 3070 355 3112 m
374 3070 390 3113 n
409 3042 542 3146 cuspide
555 3050 588 3119 D
603 3072 664 3147 per
679 3066 834 3120 centrum
850 3053 990 3123 inertiae
1009 3051 1025 3119 1
1041 3044 1175 3120 dudam
1191 3044 1289 3119 fimul
1306 3040 1372 3121 elle
1393 3070 1454 3116 cor
1479 3052 1546 3118 oris
1565 3064 1617 3123 to·

315 3173 334 3217 ‚s
352 3172 392 3216 ex
409 3148 497 3220 halla
512 3166 547 3220 et
562 3142 662 3220 malla
683 3148 727 3223 Bb
743 3148 922 3222 constantia
940 3174 1036 3223 axem
1059 3148 1304 3251 principalem,
1328 3172 1412 3249 quae
1454 3148 1514 3219 ola·
1531 3146 1618 3219 linea

322 3268 517 3346 computum
538 3247 746 3350 ingredietur
764 3306 773 3337 ,
795 3275 874 3325 cum
912 3272 1060 3327 raeterea
1077 3249 1164 3323 nihil
1184 3248 1340 3343 interiit,
1365 3244 1542 3347 quomodo
1557 3251 1615 3319 ha-

332 3375 408 3421 eum
424 3345 523 3422 malla
542 3351 670 3453 reliqua
687 3350 727 3423 stt
747 3356 871 3447 conjun
906 3378 935 3429 a.
997 3354 1097 3424 Tum
1116 3377 1201 3424 vero
1221 3356 1257 3423 in
1279 3352 1346 3421 hoc
1368 3353 1474 3447 capite
1503 3367 1616 3423 totum

315 3451 410 3522 rbinis
426 3478 549 3551 corpus
566 3436 608 3523 ila
621 3472 851 3553 comparatum
872 3444 1025 3543 affumo,
1052 3471 1089 3525 ut
1109 3470 1279 3525 momenta
1297 3452 1435 3522 inertiae
1463 3446 1615 3551 respedlu

315 3559 468 3626 nennium
492 3554 725 3655 principalium
739 3548 804 3629 sint
824 3562 909 3627 inter
931 3550 965 3631 se
987 3553 1161 3655 aequalia,
1190 3548 1335 3653 ideoque
1357 3574 1476 3623 ornnes
1502 3552 1613 3625 restae

315 3676 333 3725 r
358 3660 430 3749 ejus¹
459 3674 615 3728 centrum
644 3660 783 3729 inertiae
820 3658 836 3727 l
867 3654 985 3729 duliae
1012 3683 1076 3755 pro
1101 3655 1212 3728 axibus
1236 3649 1470 3755 principalibus
1499 3654 1614 3727 haberi

315 3775 404 3827 eant.
461 3758 599 3829 Planum
615 3754 761 3858 denique
777 3760 832 3831 hie
848 3755 1134 3860 laevigatilllnrum
1158 3752 1309 3844 nllumo,
1334 3772 1371 3827 ut
1392 3746 1498 3857 cuspis
1514 3757 1547 3828 D
1562 3752 1612 3827 su·

315 3882 332 3928 r
352 3883 394 3929 eo
411 3853 477 3933 fine
493 3858 560 3932 ulla
579 3856 740 3931 frictione
763 3858 921 3932 incedere
943 3858 1066 3960 pollrt,
1093 3860 1148 3931 ubi
1169 3864 1272 3951 etiam
1297 3872 1446 3928 mentem
1466 3858 1505 3928 ab
1529 3860 1614 3930 aeric'

315 3955 477 4049 fissentia,
501 3963 725 4063 omnibusque
741 3980 854 4037 motus
873 3960 1048 4037 obstaculis
1064 3960 1216 4035 abstraho
1234 4016 1246 4049 ,
1276 3954 1316 4031 ad
1331 3954 1438 4031 solam
1454 3965 1525 4033 vim
1539 3983 1614 4061 gra·

315 4063 383 4131 tatis
405 4054 593 4165 respiciens.
1352 4056 1358 4075 ¹

699 4292 702 4297 .
784 4217 1108 4293 SGHOLION.

374 4367 449 4455 766.
476 4364 529 4438 De
543 4364 633 4441 talie
678 4370 1015 4469 oturbine-prinrum
1032 4364 1202 4456 observo,
1227 4363 1252 4441 fi
1269 4362 1403 4464 cuspide
1427 4360 1481 4436 lua
1500 4364 1533 4434 D
1550 4358 1622 4460 pla?

315 4464 546 4553 llffllmtali
562 4472 631 4541 itti
668 4468 758 4577 illut,
783 4491 819 4547 nt
834 4474 923 4548 tedia
937 4470 1034 4547 DI-srt
1049 4469 1225 4567 verticalis,
1239 4470 1366 4563 eumin
1379 4468 1447 4539 hoc
1460 4462 1523 4539 litu
1539 4486 1634 4533 con··-
1737 4498 1744 4517 ·-

917 4576 965 4647 Se
1502 4562 1625 4641 stanter
