<?xml version="1.0" encoding="UTF-8"?>
<!DOCTYPE html PUBLIC "-//W3C//DTD XHTML 1.0 Transitional//EN"
    "http://www.w3.org/TR/xhtml1/DTD/xhtml1-transitional.dtd">
<html xmlns="http://www.w3.org/1999/xhtml" xml:lang="en" lang="en">
 <head>
  <title>
</title>
<meta http-equiv="Content-Type" content="text/html;charset=utf-8" />
  <meta name='ocr-system' content='tesseract 3.04.00' />
  <meta name='ocr-capabilities' content='ocr_page ocr_carea ocr_par ocr_line ocrx_word'/>
</head>
<body>
  <div class='ocr_page' id='page_1' title='image "./theoriamotvscor00eulegoog/theoriamotvscor00eulegoog_0048.png"; bbox 0 0 4092 5134; ppageno 0'>
   <div class='ocr_carea' id='block_1_1' title="bbox 344 308 1383 501">
    <p class='ocr_par' dir='ltr' id='par_1_1' title="bbox 289 308 1383 501">
     <span class='ocr_line' id='line_1_1' title="bbox 344 308 1383 501; baseline -0.016 -11.855"><span class='ocrx_word' id='word_1_1' title='bbox 344 418 497 501; x_wconf 67' lang='lat'>10„</span> <span class='ocrx_word' id='word_1_2' title='bbox 699 310 1187 485; x_wconf 67' lang='lat' dir='ltr'>scarum</span> <span class='ocrx_word' id='word_1_3' title='bbox 1327 308 1383 319; x_wconf 11' lang='grc' dir='ltr'><em>Ἀ</em></span> 
     </span>
    </p>
   </div>
   <div class='ocr_carea' id='block_1_2' title="bbox 405 569 1699 832">
    <p class='ocr_par' dir='ltr' id='par_1_2' title="bbox 405 569 1699 832">
     <span class='ocr_line' id='line_1_2' title="bbox 835 569 1360 655; baseline -0.015 -1"><span class='ocrx_word' id='word_1_4' title='bbox 835 582 867 654; x_wconf 78' lang='lat' dir='ltr'><em>C</em></span> <span class='ocrx_word' id='word_1_5' title='bbox 892 582 919 653; x_wconf 91' lang='grc'><strong><em>0</em></strong></span> <span class='ocrx_word' id='word_1_6' title='bbox 944 582 980 655; x_wconf 80' lang='lat' dir='ltr'><em>R</em></span> <span class='ocrx_word' id='word_1_7' title='bbox 1008 579 1036 651; x_wconf 89' lang='grc'><strong><em>0</em></strong></span> <span class='ocrx_word' id='word_1_8' title='bbox 1060 577 1088 651; x_wconf 78' lang='lat' dir='ltr'>t</span> <span class='ocrx_word' id='word_1_9' title='bbox 1114 578 1151 651; x_wconf 77' lang='lat' dir='ltr'>L.</span> <span class='ocrx_word' id='word_1_10' title='bbox 1198 569 1236 649; x_wconf 54' lang='grc' dir='ltr'>ι)</span> <span class='ocrx_word' id='word_1_11' title='bbox 1357 575 1360 579; x_wconf 81' lang='grc'><strong>’</strong></span> 
     </span>
     <span class='ocr_line' id='line_1_3' title="bbox 405 694 1699 832; baseline -0.01 -24"><span class='ocrx_word' id='word_1_12' title='bbox 405 694 407 699; x_wconf 25' lang='lat'>¹</span> <span class='ocrx_word' id='word_1_13' title='bbox 450 747 500 813; x_wconf 70' lang='lat' dir='ltr'>at.</span> <span class='ocrx_word' id='word_1_14' title='bbox 514 725 897 832; x_wconf 70' lang='lat' dir='ltr'>&#39;Hoc&#39;scilieet&#39;corpus,</span> <span class='ocrx_word' id='word_1_15' title='bbox 927 724 1159 829; x_wconf 73' lang='lat' dir='ltr'>fivequie&#39;spat</span> <span class='ocrx_word' id='word_1_16' title='bbox 1173 716 1576 825; x_wconf 79' lang='lat' dir='ltr'>ipsum&#39;sine&#39;tnoventur,</span> <span class='ocrx_word' id='word_1_17' title='bbox 1611 748 1699 824; x_wconf 90' lang='lat' dir='ltr'>quo·</span> 
     </span>
    </p>
   </div>
   <div class='ocr_carea' id='block_1_3' title="bbox 226 818 1699 928">
    <p class='ocr_par' dir='ltr' id='par_1_3' title="bbox 226 818 1699 928">
     <span class='ocr_line' id='line_1_4' title="bbox 226 818 1699 928; baseline -0.007 -19"><span class='ocrx_word' id='word_1_18' title='bbox 226 870 231 885; x_wconf 77' lang='lat'><em>=</em></span> <span class='ocrx_word' id='word_1_19' title='bbox 348 840 443 908; x_wconf 86' lang='lat' dir='ltr'>niam</span> <span class='ocrx_word' id='word_1_20' title='bbox 466 837 549 906; x_wconf 89' lang='lat' dir='ltr'>haec</span> <span class='ocrx_word' id='word_1_21' title='bbox 573 839 659 906; x_wconf 89' lang='lat' dir='ltr'>ratio</span> <span class='ocrx_word' id='word_1_22' title='bbox 677 859 753 909; x_wconf 87' lang='lat' dir='ltr'>non</span> <span class='ocrx_word' id='word_1_23' title='bbox 774 838 810 905; x_wconf 89' lang='lat' dir='ltr'>in</span> <span class='ocrx_word' id='word_1_24' title='bbox 831 849 1031 928; x_wconf 86' lang='lat' dir='ltr'>computum</span> <span class='ocrx_word' id='word_1_25' title='bbox 1045 826 1197 921; x_wconf 85' lang='lat' dir='ltr'><strong>ducitur,</strong></span> <span class='ocrx_word' id='word_1_26' title='bbox 1222 843 1381 924; x_wconf 82' lang='lat' dir='ltr'><strong>tanquam</strong></span> <span class='ocrx_word' id='word_1_27' title='bbox 1397 823 1504 897; x_wconf 82' lang='lat' dir='ltr'>sirum</span> <span class='ocrx_word' id='word_1_28' title='bbox 1520 818 1699 922; x_wconf 71' lang='lat' dir='ltr'>spedatur,</span> 
     </span>
    </p>
   </div>
   <div class='ocr_carea' id='block_1_4' title="bbox 309 1649 526 1747">
    <p class='ocr_par' dir='ltr' id='par_1_4' title="bbox 309 1649 526 1747">
     <span class='ocr_line' id='line_1_5' title="bbox 309 1649 526 1747; baseline 0.005 -18"><span class='ocrx_word' id='word_1_29' title='bbox 309 1684 311 1691; x_wconf 93' lang='lat'>·</span> <span class='ocrx_word' id='word_1_30' title='bbox 350 1649 415 1731; x_wconf 79' lang='lat' dir='ltr'>rius</span> <span class='ocrx_word' id='word_1_31' title='bbox 431 1682 526 1747; x_wconf 87' lang='lat' dir='ltr'>vero,</span> 
     </span>
    </p>
   </div>
   <div class='ocr_carea' id='block_1_5' title="bbox 349 921 1743 1112">
    <p class='ocr_par' dir='ltr' id='par_1_5' title="bbox 349 921 1743 1112">
     <span class='ocr_line' id='line_1_6' title="bbox 349 921 1702 1112; baseline -0.006 -103"><span class='ocrx_word' id='word_1_32' title='bbox 349 941 488 1112; x_wconf 64' lang='lat' dir='ltr'>ppupqpp</span> <span class='ocrx_word' id='word_1_33' title='bbox 501 931 659 1041; x_wconf 63' lang='lat' dir='ltr'>respectu</span> <span class='ocrx_word' id='word_1_34' title='bbox 672 935 796 1012; x_wconf 71' lang='lat' dir='ltr'>nasius</span> <span class='ocrx_word' id='word_1_35' title='bbox 809 952 843 1008; x_wconf 85' lang='lat' dir='ltr'>et</span> <span class='ocrx_word' id='word_1_36' title='bbox 856 930 981 1035; x_wconf 85' lang='lat' dir='ltr'>positio</span> <span class='ocrx_word' id='word_1_37' title='bbox 994 928 1091 1030; x_wconf 69' lang='lat' dir='ltr'>illitu⁸</span> <span class='ocrx_word' id='word_1_38' title='bbox 1099 925 1197 1032; x_wconf 90' lang='lat' dir='ltr'>spatii</span> <span class='ocrx_word' id='word_1_39' title='bbox 1210 953 1230 1002; x_wconf 88' lang='lat' dir='ltr'>a</span> <span class='ocrx_word' id='word_1_40' title='bbox 1244 945 1374 1031; x_wconf 88' lang='lat' dir='ltr'>puncto</span> <span class='ocrx_word' id='word_1_41' title='bbox 1387 921 1548 1028; x_wconf 84' lang='lat' dir='ltr'>descripti</span> <span class='ocrx_word' id='word_1_42' title='bbox 1564 923 1702 1030; x_wconf 42' lang='lat' dir='ltr'>assignas,</span> 
     </span>
     <span class='ocr_line' id='line_1_7' title="bbox 425 1051 1743 1111; baseline -0.029 0"><span class='ocrx_word' id='word_1_43' title='bbox 425 1062 443 1111; x_wconf 73' lang='lat' dir='ltr'>e</span> <span class='ocrx_word' id='word_1_44' title='bbox 487 1051 510 1110; x_wconf 77' lang='lat' dir='ltr'>s.</span> <span class='ocrx_word' id='word_1_45' title='bbox 1739 1066 1743 1073; x_wconf 90' lang='lat'><em>.</em></span> 
     </span>
    </p>
   </div>
   <div class='ocr_carea' id='block_1_6' title="bbox 863 1198 1188 1293">
    <p class='ocr_par' dir='ltr' id='par_1_6' title="bbox 863 1198 1188 1293">
     <span class='ocr_line' id='line_1_8' title="bbox 863 1198 1188 1293; baseline -0.031 -14"><span class='ocrx_word' id='word_1_46' title='bbox 863 1198 1111 1279; x_wconf 63' lang='lat' dir='ltr'>conosi„</span> <span class='ocrx_word' id='word_1_47' title='bbox 1152 1217 1188 1293; x_wconf 74' lang='lat'>3.</span> 
     </span>
    </p>
   </div>
   <div class='ocr_carea' id='block_1_7' title="bbox 450 1343 1706 1456">
    <p class='ocr_par' dir='ltr' id='par_1_7' title="bbox 450 1343 1706 1456">
     <span class='ocr_line' id='line_1_9' title="bbox 450 1343 1706 1456; baseline -0.006 -32"><span class='ocrx_word' id='word_1_48' title='bbox 450 1375 501 1429; x_wconf 82' lang='lat' dir='ltr'>aa.</span> <span class='ocrx_word' id='word_1_49' title='bbox 524 1350 798 1456; x_wconf 85' lang='lat' dir='ltr'>Cognitio&#39;ergo</span> <span class='ocrx_word' id='word_1_50' title='bbox 823 1353 922 1448; x_wconf 84' lang='lat' dir='ltr'>hujus</span> <span class='ocrx_word' id='word_1_51' title='bbox 945 1348 1039 1451; x_wconf 88' lang='lat' dir='ltr'>spatii</span> <span class='ocrx_word' id='word_1_52' title='bbox 1053 1347 1095 1422; x_wconf 84' lang='lat' dir='ltr'>ad</span> <span class='ocrx_word' id='word_1_53' title='bbox 1115 1350 1194 1422; x_wconf 80' lang='lat' dir='ltr'>tres&#39;</span> <span class='ocrx_word' id='word_1_54' title='bbox 1214 1343 1306 1420; x_wconf 79' lang='lat' dir='ltr'>casus</span> <span class='ocrx_word' id='word_1_55' title='bbox 1330 1366 1527 1436; x_wconf 81' lang='lat' dir='ltr'>renouatur,</span> <span class='ocrx_word' id='word_1_56' title='bbox 1553 1366 1706 1448; x_wconf 84' lang='lat' dir='ltr'>quonnn</span> 
     </span>
    </p>
   </div>
   <div class='ocr_carea' id='block_1_8' title="bbox 314 1438 1704 1553">
    <p class='ocr_par' dir='ltr' id='par_1_8' title="bbox 314 1438 1704 1553">
     <span class='ocr_line' id='line_1_10' title="bbox 314 1438 1704 1553; baseline -0.005 -28"><span class='ocrx_word' id='word_1_57' title='bbox 314 1478 316 1483; x_wconf 88' lang='lat'>·</span> <span class='ocrx_word' id='word_1_58' title='bbox 350 1457 480 1551; x_wconf 84' lang='lat' dir='ltr'>primus</span> <span class='ocrx_word' id='word_1_59' title='bbox 497 1453 563 1542; x_wconf 82' lang='lat' dir='ltr'>ess,</span> <span class='ocrx_word' id='word_1_60' title='bbox 585 1452 610 1525; x_wconf 85' lang='lat' dir='ltr'>si</span> <span class='ocrx_word' id='word_1_61' title='bbox 632 1472 745 1527; x_wconf 85' lang='lat' dir='ltr'>motus</span> <span class='ocrx_word' id='word_1_62' title='bbox 769 1438 810 1527; x_wconf 86' lang='lat' dir='ltr'>stt</span> <span class='ocrx_word' id='word_1_63' title='bbox 833 1453 1043 1542; x_wconf 77' lang='lat' dir='ltr'>rectilineus,</span> <span class='ocrx_word' id='word_1_64' title='bbox 1068 1449 1253 1553; x_wconf 87' lang='lat' dir='ltr'>spatiutnve</span> <span class='ocrx_word' id='word_1_65' title='bbox 1266 1448 1355 1522; x_wconf 85' lang='lat' dir='ltr'>linea</span> <span class='ocrx_word' id='word_1_66' title='bbox 1369 1469 1469 1522; x_wconf 89' lang='lat' dir='ltr'>recta.</span> <span class='ocrx_word' id='word_1_67' title='bbox 1518 1445 1704 1549; x_wconf 63' lang='lat' dir='ltr'>Secundus,</span> 
     </span>
    </p>
   </div>
   <div class='ocr_carea' id='block_1_9' title="bbox 350 1548 1727 1758">
    <p class='ocr_par' dir='ltr' id='par_1_9' title="bbox 350 1548 1727 1758">
     <span class='ocr_line' id='line_1_11' title="bbox 350 1548 1707 1653; baseline -0.001 -27"><span class='ocrx_word' id='word_1_68' title='bbox 350 1550 531 1653; x_wconf 86' lang='lat' dir='ltr'>sispatitun</span> <span class='ocrx_word' id='word_1_69' title='bbox 572 1553 687 1628; x_wconf 84' lang='lat' dir='ltr'>uident</span> <span class='ocrx_word' id='word_1_70' title='bbox 703 1554 744 1630; x_wconf 88' lang='lat' dir='ltr'>fit</span> <span class='ocrx_word' id='word_1_71' title='bbox 761 1552 846 1630; x_wconf 88' lang='lat' dir='ltr'>linea</span> <span class='ocrx_word' id='word_1_72' title='bbox 862 1582 983 1644; x_wconf 86' lang='lat' dir='ltr'>curva,</span> <span class='ocrx_word' id='word_1_73' title='bbox 1010 1549 1068 1627; x_wconf 93' lang='lat' dir='ltr'>sed</span> <span class='ocrx_word' id='word_1_74' title='bbox 1085 1574 1154 1626; x_wconf 92' lang='lat' dir='ltr'>tota</span> <span class='ocrx_word' id='word_1_75' title='bbox 1170 1558 1207 1624; x_wconf 92' lang='lat' dir='ltr'>in</span> <span class='ocrx_word' id='word_1_76' title='bbox 1223 1548 1346 1624; x_wconf 89' lang='lat' dir='ltr'>eodem</span> <span class='ocrx_word' id='word_1_77' title='bbox 1368 1549 1471 1652; x_wconf 87' lang='lat' dir='ltr'>plano</span> <span class='ocrx_word' id='word_1_78' title='bbox 1491 1549 1562 1632; x_wconf 74' lang='lat' dir='ltr'>seta.</span> <span class='ocrx_word' id='word_1_79' title='bbox 1610 1552 1707 1643; x_wconf 58' lang='lat' dir='ltr'>Terg</span> 
     </span>
     <span class='ocr_line' id='line_1_12' title="bbox 542 1582 1727 1758; baseline -0.009 -24"><span class='ocrx_word' id='word_1_80' title='bbox 542 1582 1007 1758; x_wconf 28' lang='lat' dir='ltr'>ssiueaflcurvanoneodem</span> <span class='ocrx_word' id='word_1_81' title='bbox 1023 1654 1127 1757; x_wconf 89' lang='lat' dir='ltr'>plano</span> <span class='ocrx_word' id='word_1_82' title='bbox 1145 1660 1367 1729; x_wconf 87' lang='lat' dir='ltr'>contineatur.</span> <span class='ocrx_word' id='word_1_83' title='bbox 1724 1682 1727 1687; x_wconf 91' lang='lat'>·</span> 
     </span>
    </p>
   </div>
   <div class='ocr_carea' id='block_1_10' title="bbox 842 1788 1295 1901">
    <p class='ocr_par' dir='ltr' id='par_1_10' title="bbox 842 1788 1295 1901">
     <span class='ocr_line' id='line_1_13' title="bbox 842 1788 1295 1901; baseline -0.015 0"><span class='ocrx_word' id='word_1_84' title='bbox 842 1823 1218 1901; x_wconf 67' lang='lat' dir='ltr'>auerterunt.</span> <span class='ocrx_word' id='word_1_85' title='bbox 1292 1788 1295 1793; x_wconf 75' lang='grc'>’</span> 
     </span>
    </p>
   </div>
   <div class='ocr_carea' id='block_1_11' title="bbox 353 1965 1723 2282">
    <p class='ocr_par' dir='ltr' id='par_1_11' title="bbox 353 1965 1723 2282">
     <span class='ocr_line' id='line_1_14' title="bbox 452 1965 1706 2069; baseline -0.005 -22"><span class='ocrx_word' id='word_1_86' title='bbox 452 1994 501 2066; x_wconf 77' lang='lat'>23.</span> <span class='ocrx_word' id='word_1_87' title='bbox 524 1976 566 2049; x_wconf 90' lang='lat' dir='ltr'>in</span> <span class='ocrx_word' id='word_1_88' title='bbox 581 1976 779 2052; x_wconf 87' lang='lat' dir='ltr'>Geometria</span> <span class='ocrx_word' id='word_1_89' title='bbox 809 1979 875 2069; x_wconf 83' lang='lat' dir='ltr'>jam</span> <span class='ocrx_word' id='word_1_90' title='bbox 909 1967 1101 2062; x_wconf 78' lang='lat' dir='ltr'>assumitur,</span> <span class='ocrx_word' id='word_1_91' title='bbox 1129 1994 1228 2045; x_wconf 87' lang='lat' dir='ltr'>moto</span> <span class='ocrx_word' id='word_1_92' title='bbox 1257 1977 1374 2069; x_wconf 88' lang='lat' dir='ltr'>puncti</span> <span class='ocrx_word' id='word_1_93' title='bbox 1396 1973 1520 2048; x_wconf 84' lang='lat' dir='ltr'>lineam</span> <span class='ocrx_word' id='word_1_94' title='bbox 1551 1965 1706 2059; x_wconf 85' lang='lat' dir='ltr'>describi,</span> 
     </span>
     <span class='ocr_line' id='line_1_15' title="bbox 353 2071 1723 2180; baseline 0.001 -32"><span class='ocrx_word' id='word_1_95' title='bbox 353 2072 450 2180; x_wconf 84' lang='lat' dir='ltr'>qnod</span> <span class='ocrx_word' id='word_1_96' title='bbox 463 2072 573 2176; x_wconf 87' lang='lat' dir='ltr'>ipstun</span> <span class='ocrx_word' id='word_1_97' title='bbox 588 2104 649 2178; x_wconf 89' lang='lat' dir='ltr'>per</span> <span class='ocrx_word' id='word_1_98' title='bbox 665 2074 700 2152; x_wconf 90' lang='lat' dir='ltr'>se</span> <span class='ocrx_word' id='word_1_99' title='bbox 715 2076 835 2151; x_wconf 81' lang='lat' dir='ltr'>clarior</span> <span class='ocrx_word' id='word_1_100' title='bbox 851 2075 918 2165; x_wconf 79' lang='lat' dir='ltr'>ess,</span> <span class='ocrx_word' id='word_1_101' title='bbox 941 2102 1042 2179; x_wconf 86' lang='lat' dir='ltr'>quarn</span> <span class='ocrx_word' id='word_1_102' title='bbox 1058 2091 1096 2148; x_wconf 92' lang='lat' dir='ltr'>ut</span> <span class='ocrx_word' id='word_1_103' title='bbox 1111 2071 1398 2149; x_wconf 81' lang='lat' dir='ltr'>demonstratione</span> <span class='ocrx_word' id='word_1_104' title='bbox 1409 2093 1512 2179; x_wconf 80' lang='lat' dir='ltr'><strong>egeat.</strong></span> <span class='ocrx_word' id='word_1_105' title='bbox 1562 2078 1598 2148; x_wconf 84' lang='lat' dir='ltr'>Si</span> <span class='ocrx_word' id='word_1_106' title='bbox 1614 2078 1723 2149; x_wconf 86' lang='lat' dir='ltr'>enim.</span> 
     </span>
     <span class='ocr_line' id='line_1_16' title="bbox 354 2172 1709 2282; baseline -0.002 -32"><span class='ocrx_word' id='word_1_107' title='bbox 354 2197 518 2277; x_wconf 86' lang='lat' dir='ltr'>punctum</span> <span class='ocrx_word' id='word_1_108' title='bbox 533 2176 626 2282; x_wconf 88' lang='lat' dir='ltr'>quod</span> <span class='ocrx_word' id='word_1_109' title='bbox 636 2199 713 2253; x_wconf 93' lang='lat' dir='ltr'>ante</span> <span class='ocrx_word' id='word_1_110' title='bbox 727 2175 1018 2261; x_wconf 75' lang='lat' dir='ltr'>fireratinsnunc</span> <span class='ocrx_word' id='word_1_111' title='bbox 1032 2174 1112 2249; x_wconf 86' lang='lat' dir='ltr'>sitin</span> <span class='ocrx_word' id='word_1_112' title='bbox 1122 2179 1157 2263; x_wconf 90' lang='lat' dir='ltr'>B,</span> <span class='ocrx_word' id='word_1_113' title='bbox 1177 2181 1306 2250; x_wconf 89' lang='lat' dir='ltr'>interea</span> <span class='ocrx_word' id='word_1_114' title='bbox 1315 2177 1436 2252; x_wconf 87' lang='lat' dir='ltr'>lineam</span> <span class='ocrx_word' id='word_1_115' title='bbox 1444 2172 1611 2279; x_wconf 88' lang='lat' dir='ltr'>quandam</span> <span class='ocrx_word' id='word_1_116' title='bbox 1624 2200 1709 2249; x_wconf 91' lang='lat' dir='ltr'>con·</span> 
     </span>
    </p>
   </div>
   <div class='ocr_carea' id='block_1_12' title="bbox 252 2270 1707 2381">
    <p class='ocr_par' dir='ltr' id='par_1_12' title="bbox 252 2270 1707 2381">
     <span class='ocr_line' id='line_1_17' title="bbox 252 2270 1707 2381; baseline -0.002 -31"><span class='ocrx_word' id='word_1_117' title='bbox 252 2306 257 2319; x_wconf 61' lang='grc'><em>“</em></span> <span class='ocrx_word' id='word_1_118' title='bbox 355 2284 485 2351; x_wconf 85' lang='lat' dir='ltr'>tinuam</span> <span class='ocrx_word' id='word_1_119' title='bbox 501 2282 540 2353; x_wconf 86' lang='lat' dir='ltr'>ab</span> <span class='ocrx_word' id='word_1_120' title='bbox 555 2276 682 2363; x_wconf 77' lang='lat' dir='ltr'>nad&#39;r</span> <span class='ocrx_word' id='word_1_121' title='bbox 688 2298 882 2381; x_wconf 88' lang='lat' dir='ltr'>porrectam</span> <span class='ocrx_word' id='word_1_122' title='bbox 896 2271 1239 2379; x_wconf 85' lang='lat' dir='ltr'>percurreritneceffe</span> <span class='ocrx_word' id='word_1_123' title='bbox 1247 2277 1304 2366; x_wconf 79' lang='lat' dir='ltr'>esi,</span> <span class='ocrx_word' id='word_1_124' title='bbox 1320 2278 1464 2381; x_wconf 84' lang='lat' dir='ltr'>nifiquis</span> <span class='ocrx_word' id='word_1_125' title='bbox 1482 2270 1595 2351; x_wconf 79' lang='lat' dir='ltr'>dicere</span> <span class='ocrx_word' id='word_1_126' title='bbox 1611 2274 1707 2364; x_wconf 86' lang='lat' dir='ltr'>velit,</span> 
     </span>
    </p>
   </div>
   <div class='ocr_carea' id='block_1_13' title="bbox 353 2372 1710 2583">
    <p class='ocr_par' dir='ltr' id='par_1_13' title="bbox 353 2372 1710 2583">
     <span class='ocr_line' id='line_1_18' title="bbox 353 2372 1707 2482; baseline -0.001 -30"><span class='ocrx_word' id='word_1_127' title='bbox 353 2377 391 2453; x_wconf 93' lang='lat' dir='ltr'>id</span> <span class='ocrx_word' id='word_1_128' title='bbox 408 2385 444 2453; x_wconf 90' lang='lat' dir='ltr'>in</span> <span class='ocrx_word' id='word_1_129' title='bbox 459 2384 488 2452; x_wconf 78' lang='lat' dir='ltr'>A</span> <span class='ocrx_word' id='word_1_130' title='bbox 502 2378 612 2454; x_wconf 89' lang='lat' dir='ltr'>subito</span> <span class='ocrx_word' id='word_1_131' title='bbox 626 2381 857 2471; x_wconf 82' lang='lat' dir='ltr'>annihilatum,</span> <span class='ocrx_word' id='word_1_132' title='bbox 892 2399 964 2452; x_wconf 84' lang='lat' dir='ltr'>turn</span> <span class='ocrx_word' id='word_1_133' title='bbox 984 2384 1121 2455; x_wconf 85' lang='lat' dir='ltr'>veroin</span> <span class='ocrx_word' id='word_1_134' title='bbox 1138 2382 1164 2450; x_wconf 90' lang='lat' dir='ltr'>B</span> <span class='ocrx_word' id='word_1_135' title='bbox 1178 2375 1221 2451; x_wconf 91' lang='lat' dir='ltr'>de</span> <span class='ocrx_word' id='word_1_136' title='bbox 1240 2406 1337 2452; x_wconf 91' lang='lat' dir='ltr'>novo</span> <span class='ocrx_word' id='word_1_137' title='bbox 1364 2376 1606 2482; x_wconf 84' lang='lat' dir='ltr'>reproductutn</span> <span class='ocrx_word' id='word_1_138' title='bbox 1621 2372 1707 2470; x_wconf 84' lang='lat' dir='ltr'>effe;</span> 
     </span>
     <span class='ocr_line' id='line_1_19' title="bbox 354 2472 1710 2583; baseline 0.001 -31"><span class='ocrx_word' id='word_1_139' title='bbox 354 2505 477 2553; x_wconf 80' lang='lat' dir='ltr'>verunt</span> <span class='ocrx_word' id='word_1_140' title='bbox 489 2487 566 2583; x_wconf 90' lang='lat' dir='ltr'>quia</span> <span class='ocrx_word' id='word_1_141' title='bbox 578 2484 646 2555; x_wconf 91' lang='lat' dir='ltr'>hoc</span> <span class='ocrx_word' id='word_1_142' title='bbox 659 2477 739 2555; x_wconf 86' lang='lat' dir='ltr'>esset</span> <span class='ocrx_word' id='word_1_143' title='bbox 752 2480 965 2578; x_wconf 79' lang='lat' dir='ltr'>miraculum,</span> <span class='ocrx_word' id='word_1_144' title='bbox 985 2507 1057 2554; x_wconf 85' lang='lat' dir='ltr'>non</span> <span class='ocrx_word' id='word_1_145' title='bbox 1072 2498 1197 2569; x_wconf 83' lang='lat' dir='ltr'>tnotus,</span> <span class='ocrx_word' id='word_1_146' title='bbox 1214 2472 1256 2552; x_wconf 90' lang='lat' dir='ltr'>ad</span> <span class='ocrx_word' id='word_1_147' title='bbox 1270 2482 1423 2556; x_wconf 83' lang='lat' dir='ltr'>nossrutn</span> <span class='ocrx_word' id='word_1_148' title='bbox 1436 2481 1624 2554; x_wconf 74' lang='lat' dir='ltr'>institutum</span> <span class='ocrx_word' id='word_1_149' title='bbox 1636 2504 1710 2553; x_wconf 90' lang='lat' dir='ltr'>non</span> 
     </span>
    </p>
   </div>
   <div class='ocr_carea' id='block_1_14' title="bbox 354 2578 1711 2955">
    <p class='ocr_par' dir='ltr' id='par_1_14' title="bbox 354 2578 1711 2955">
     <span class='ocr_line' id='line_1_20' title="bbox 355 2578 1709 2685; baseline 0.001 -32"><span class='ocrx_word' id='word_1_150' title='bbox 355 2587 514 2682; x_wconf 84' lang='lat' dir='ltr'>pertinet.</span> <span class='ocrx_word' id='word_1_151' title='bbox 564 2584 632 2675; x_wconf 91' lang='lat' dir='ltr'>Qui</span> <span class='ocrx_word' id='word_1_152' title='bbox 648 2604 782 2657; x_wconf 89' lang='lat' dir='ltr'>rnonrtn</span> <span class='ocrx_word' id='word_1_153' title='bbox 797 2580 967 2685; x_wconf 81' lang='lat' dir='ltr'>quidetna</span> <span class='ocrx_word' id='word_1_154' title='bbox 993 2578 1133 2657; x_wconf 87' lang='lat' dir='ltr'>noscere</span> <span class='ocrx_word' id='word_1_155' title='bbox 1149 2579 1290 2671; x_wconf 86' lang='lat' dir='ltr'>nolunt,</span> <span class='ocrx_word' id='word_1_156' title='bbox 1312 2608 1388 2656; x_wconf 89' lang='lat' dir='ltr'>rem</span> <span class='ocrx_word' id='word_1_157' title='bbox 1425 2583 1545 2655; x_wconf 83' lang='lat' dir='ltr'>clarius</span> <span class='ocrx_word' id='word_1_158' title='bbox 1569 2579 1605 2656; x_wconf 92' lang='lat' dir='ltr'>se</span> <span class='ocrx_word' id='word_1_159' title='bbox 1624 2606 1709 2655; x_wconf 87' lang='lat' dir='ltr'>con·</span> 
     </span>
     <span class='ocr_line' id='line_1_21' title="bbox 355 2609 1710 2786; baseline 0.001 -30"><span class='ocrx_word' id='word_1_160' title='bbox 355 2689 471 2783; x_wconf 83' lang='lat' dir='ltr'>cipere</span> <span class='ocrx_word' id='word_1_161' title='bbox 493 2688 684 2784; x_wconf 88' lang='lat' dir='ltr'>opinantur,</span> <span class='ocrx_word' id='word_1_162' title='bbox 714 2678 887 2786; x_wconf 81' lang='lat' dir='ltr'>sidicant‚</span> <span class='ocrx_word' id='word_1_163' title='bbox 911 2690 947 2757; x_wconf 94' lang='lat' dir='ltr'>in</span> <span class='ocrx_word' id='word_1_164' title='bbox 967 2609 1105 2786; x_wconf 62' lang='lat' dir='ltr'>sngusis</span> <span class='ocrx_word' id='word_1_165' title='bbox 1120 2688 1251 2783; x_wconf 80' lang='lat' dir='ltr'>punctis</span> <span class='ocrx_word' id='word_1_166' title='bbox 1265 2678 1377 2785; x_wconf 90' lang='lat' dir='ltr'>spatii,</span> <span class='ocrx_word' id='word_1_167' title='bbox 1401 2682 1496 2786; x_wconf 90' lang='lat' dir='ltr'>quod</span> <span class='ocrx_word' id='word_1_168' title='bbox 1516 2686 1614 2757; x_wconf 86' lang='lat' dir='ltr'>nobit</span> <span class='ocrx_word' id='word_1_169' title='bbox 1629 2706 1710 2784; x_wconf 91' lang='lat' dir='ltr'>per·</span> 
     </span>
     <span class='ocr_line' id='line_1_22' title="bbox 354 2780 1711 2955; baseline 0.002 -97"><span class='ocrx_word' id='word_1_170' title='bbox 354 2781 493 2859; x_wconf 82' lang='lat' dir='ltr'>cursuur</span> <span class='ocrx_word' id='word_1_171' title='bbox 511 2783 664 2878; x_wconf 81' lang='lat' dir='ltr'>videtur,</span> <span class='ocrx_word' id='word_1_172' title='bbox 678 2780 682 2789; x_wconf 76' lang='grc'><strong>’</strong></span> <span class='ocrx_word' id='word_1_173' title='bbox 691 2803 865 2955; x_wconf 77' lang='lat' dir='ltr'>punctum</span> <span class='ocrx_word' id='word_1_174' title='bbox 883 2785 1083 2883; x_wconf 85' lang='lat' dir='ltr'>annihilari,</span> <span class='ocrx_word' id='word_1_175' title='bbox 1120 2783 1296 2885; x_wconf 85' lang='lat' dir='ltr'>ssatimque</span> <span class='ocrx_word' id='word_1_176' title='bbox 1312 2783 1575 2889; x_wconf 83' lang='lat' dir='ltr'>insequentibus</span> <span class='ocrx_word' id='word_1_177' title='bbox 1590 2810 1711 2887; x_wconf 89' lang='lat' dir='ltr'>repro·</span> 
     </span>
    </p>
   </div>
   <div class='ocr_carea' id='block_1_15' title="bbox 355 2883 1715 3796">
    <p class='ocr_par' dir='ltr' id='par_1_15' title="bbox 355 2883 1711 3090">
     <span class='ocr_line' id='line_1_23' title="bbox 355 2883 1709 2985; baseline 0.001 -28"><span class='ocrx_word' id='word_1_178' title='bbox 355 2883 455 2976; x_wconf 83' lang='lat' dir='ltr'>duci3</span> <span class='ocrx_word' id='word_1_179' title='bbox 493 2887 584 2985; x_wconf 88' lang='lat' dir='ltr'>quasi</span> <span class='ocrx_word' id='word_1_180' title='bbox 614 2907 689 2959; x_wconf 81' lang='lat' dir='ltr'>tran</span> <span class='ocrx_word' id='word_1_181' title='bbox 702 2906 768 2957; x_wconf 77' lang='lat' dir='ltr'>ntus</span> <span class='ocrx_word' id='word_1_182' title='bbox 798 2889 838 2957; x_wconf 88' lang='lat' dir='ltr'>ab</span> <span class='ocrx_word' id='word_1_183' title='bbox 864 2913 934 2958; x_wconf 88' lang='lat' dir='ltr'>uno</span> <span class='ocrx_word' id='word_1_184' title='bbox 964 2886 1043 2958; x_wconf 90' lang='lat' dir='ltr'>soco</span> <span class='ocrx_word' id='word_1_185' title='bbox 1063 2892 1100 2958; x_wconf 92' lang='lat' dir='ltr'>in</span> <span class='ocrx_word' id='word_1_186' title='bbox 1118 2887 1221 2959; x_wconf 83' lang='lat' dir='ltr'>aliunt</span> <span class='ocrx_word' id='word_1_187' title='bbox 1238 2884 1410 2960; x_wconf 87' lang='lat' dir='ltr'>difficilior</span> <span class='ocrx_word' id='word_1_188' title='bbox 1425 2883 1506 2962; x_wconf 88' lang='lat' dir='ltr'>esset</span> <span class='ocrx_word' id='word_1_189' title='bbox 1521 2887 1709 2985; x_wconf 82' lang='lat' dir='ltr'>intellectu,</span> 
     </span>
     <span class='ocr_line' id='line_1_24' title="bbox 356 2983 1711 3090; baseline 0.007 -36"><span class='ocrx_word' id='word_1_190' title='bbox 356 3012 459 3086; x_wconf 86' lang='lat' dir='ltr'>quarn</span> <span class='ocrx_word' id='word_1_191' title='bbox 491 2986 615 3056; x_wconf 88' lang='lat' dir='ltr'>alterna</span> <span class='ocrx_word' id='word_1_192' title='bbox 636 2983 818 3056; x_wconf 86' lang='lat' dir='ltr'>desiructio</span> <span class='ocrx_word' id='word_1_193' title='bbox 850 3003 884 3057; x_wconf 91' lang='lat' dir='ltr'>et</span> <span class='ocrx_word' id='word_1_194' title='bbox 911 2992 1049 3059; x_wconf 87' lang='lat' dir='ltr'>creatio.</span> <span class='ocrx_word' id='word_1_195' title='bbox 1099 2988 1230 3057; x_wconf 87' lang='lat' dir='ltr'>Verum</span> <span class='ocrx_word' id='word_1_196' title='bbox 1248 3012 1326 3059; x_wconf 90' lang='lat' dir='ltr'>curn</span> <span class='ocrx_word' id='word_1_197' title='bbox 1344 3008 1456 3062; x_wconf 87' lang='lat' dir='ltr'>tnotus</span> <span class='ocrx_word' id='word_1_198' title='bbox 1473 2988 1540 3063; x_wconf 88' lang='lat' dir='ltr'>alio</span> <span class='ocrx_word' id='word_1_199' title='bbox 1554 2986 1711 3090; x_wconf 88' lang='lat' dir='ltr'>respectu</span> 
     </span>
    </p>

    <p class='ocr_par' dir='ltr' id='par_1_16' title="bbox 358 3077 1715 3796">
     <span class='ocr_line' id='line_1_25' title="bbox 385 3077 1711 3189; baseline 0.008 -34"><span class='ocrx_word' id='word_1_200' title='bbox 385 3088 454 3156; x_wconf 87' lang='lat' dir='ltr'>nics</span> <span class='ocrx_word' id='word_1_201' title='bbox 471 3077 538 3155; x_wconf 87' lang='lat' dir='ltr'>esse</span> <span class='ocrx_word' id='word_1_202' title='bbox 551 3081 667 3183; x_wconf 67' lang='lat' dir='ltr'>posstt,</span> <span class='ocrx_word' id='word_1_203' title='bbox 691 3080 781 3155; x_wconf 85' lang='lat' dir='ltr'>idern</span> <span class='ocrx_word' id='word_1_204' title='bbox 797 3082 839 3156; x_wconf 93' lang='lat' dir='ltr'>de</span> <span class='ocrx_word' id='word_1_205' title='bbox 858 3091 970 3185; x_wconf 89' lang='lat' dir='ltr'>quiete</span> <span class='ocrx_word' id='word_1_206' title='bbox 984 3081 1097 3158; x_wconf 89' lang='lat' dir='ltr'>dicere</span> <span class='ocrx_word' id='word_1_207' title='bbox 1113 3104 1299 3187; x_wconf 87' lang='lat' dir='ltr'>coguntur,</span> <span class='ocrx_word' id='word_1_208' title='bbox 1327 3108 1365 3161; x_wconf 90' lang='lat' dir='ltr'>ut</span> <span class='ocrx_word' id='word_1_209' title='bbox 1382 3087 1422 3163; x_wconf 82' lang='lat' dir='ltr'>sit</span> <span class='ocrx_word' id='word_1_210' title='bbox 1440 3108 1600 3189; x_wconf 85' lang='lat' dir='ltr'>perpetua</span> <span class='ocrx_word' id='word_1_211' title='bbox 1619 3100 1711 3187; x_wconf 75' lang='lat' dir='ltr'>ejus·</span> 
     </span>
     <span class='ocr_line' id='line_1_26' title="bbox 359 3111 1712 3294; baseline 0.007 -36"><span class='ocrx_word' id='word_1_212' title='bbox 359 3111 439 3258; x_wconf 79' lang='lat' dir='ltr'>dein</span> <span class='ocrx_word' id='word_1_213' title='bbox 455 3191 609 3286; x_wconf 86' lang='lat' dir='ltr'>corporis</span> <span class='ocrx_word' id='word_1_214' title='bbox 624 3182 818 3275; x_wconf 85' lang='lat' dir='ltr'>destructio,</span> <span class='ocrx_word' id='word_1_215' title='bbox 835 3188 871 3257; x_wconf 95' lang='lat' dir='ltr'>in</span> <span class='ocrx_word' id='word_1_216' title='bbox 887 3185 1076 3288; x_wconf 88' lang='lat' dir='ltr'>eodemque</span> <span class='ocrx_word' id='word_1_217' title='bbox 1090 3184 1169 3259; x_wconf 90' lang='lat' dir='ltr'>loco</span> <span class='ocrx_word' id='word_1_218' title='bbox 1186 3183 1297 3262; x_wconf 87' lang='lat' dir='ltr'>subito</span> <span class='ocrx_word' id='word_1_219' title='bbox 1312 3186 1424 3264; x_wconf 82' lang='lat' dir='ltr'>secuta</span> <span class='ocrx_word' id='word_1_220' title='bbox 1440 3198 1582 3266; x_wconf 81' lang='lat' dir='ltr'>creatio:</span> <span class='ocrx_word' id='word_1_221' title='bbox 1623 3220 1712 3294; x_wconf 85' lang='lat' dir='ltr'>quae</span> 
     </span>
     <span class='ocr_line' id='line_1_27' title="bbox 359 3281 1712 3391; baseline 0.004 -28"><span class='ocrx_word' id='word_1_222' title='bbox 359 3291 477 3388; x_wconf 91' lang='lat' dir='ltr'>opinio</span> <span class='ocrx_word' id='word_1_223' title='bbox 494 3314 572 3361; x_wconf 85' lang='lat' dir='ltr'>eunt</span> <span class='ocrx_word' id='word_1_224' title='bbox 587 3314 659 3361; x_wconf 93' lang='lat' dir='ltr'>non</span> <span class='ocrx_word' id='word_1_225' title='bbox 675 3281 807 3360; x_wconf 89' lang='lat' dir='ltr'>differat</span> <span class='ocrx_word' id='word_1_226' title='bbox 825 3287 865 3359; x_wconf 89' lang='lat' dir='ltr'>ab</span> <span class='ocrx_word' id='word_1_227' title='bbox 879 3314 930 3385; x_wconf 88' lang='lat' dir='ltr'>ea,</span> <span class='ocrx_word' id='word_1_228' title='bbox 953 3315 1019 3388; x_wconf 86' lang='lat' dir='ltr'>qua</span> <span class='ocrx_word' id='word_1_229' title='bbox 1036 3283 1251 3363; x_wconf 85' lang='lat' dir='ltr'>conservatio</span> <span class='ocrx_word' id='word_1_230' title='bbox 1268 3314 1454 3391; x_wconf 76' lang='lat' dir='ltr'>corporum</span> <span class='ocrx_word' id='word_1_231' title='bbox 1471 3299 1632 3367; x_wconf 83' lang='lat' dir='ltr'>continua</span> <span class='ocrx_word' id='word_1_232' title='bbox 1653 3319 1712 3369; x_wconf 91' lang='lat' dir='ltr'>eo·</span> 
     </span>
     <span class='ocr_line' id='line_1_28' title="bbox 359 3385 1715 3491; baseline 0.006 -28"><span class='ocrx_word' id='word_1_233' title='bbox 359 3387 518 3463; x_wconf 84' lang='lat' dir='ltr'>rumdern</span> <span class='ocrx_word' id='word_1_234' title='bbox 531 3396 657 3463; x_wconf 84' lang='lat' dir='ltr'>creatio</span> <span class='ocrx_word' id='word_1_235' title='bbox 673 3390 845 3487; x_wconf 82' lang='lat' dir='ltr'>statuitur,</span> <span class='ocrx_word' id='word_1_236' title='bbox 876 3415 896 3461; x_wconf 93' lang='lat' dir='ltr'>a</span> <span class='ocrx_word' id='word_1_237' title='bbox 915 3392 1046 3491; x_wconf 82' lang='lat' dir='ltr'>vulgari</span> <span class='ocrx_word' id='word_1_238' title='bbox 1069 3395 1126 3462; x_wconf 84' lang='lat' dir='ltr'>vix</span> <span class='ocrx_word' id='word_1_239' title='bbox 1141 3385 1314 3464; x_wconf 85' lang='lat' dir='ltr'>dissentire</span> <span class='ocrx_word' id='word_1_240' title='bbox 1329 3390 1476 3468; x_wconf 81' lang='lat' dir='ltr'>videtur.</span> <span class='ocrx_word' id='word_1_241' title='bbox 1511 3398 1602 3468; x_wconf 89' lang='lat' dir='ltr'>Cum</span> <span class='ocrx_word' id='word_1_242' title='bbox 1615 3404 1715 3471; x_wconf 85' lang='lat' dir='ltr'>enim</span> 
     </span>
     <span class='ocr_line' id='line_1_29' title="bbox 359 3489 1713 3595; baseline 0.007 -30"><span class='ocrx_word' id='word_1_243' title='bbox 359 3491 493 3565; x_wconf 88' lang='lat' dir='ltr'>nussum</span> <span class='ocrx_word' id='word_1_244' title='bbox 516 3496 677 3591; x_wconf 87' lang='lat' dir='ltr'>temporis</span> <span class='ocrx_word' id='word_1_245' title='bbox 699 3510 859 3590; x_wconf 87' lang='lat' dir='ltr'>punctum</span> <span class='ocrx_word' id='word_1_246' title='bbox 880 3489 939 3580; x_wconf 83' lang='lat' dir='ltr'>stt,</span> <span class='ocrx_word' id='word_1_247' title='bbox 953 3519 1036 3594; x_wconf 86' lang='lat' dir='ltr'>¹quo</span> <span class='ocrx_word' id='word_1_248' title='bbox 1056 3517 1180 3591; x_wconf 79' lang='lat' dir='ltr'>corpur</span> <span class='ocrx_word' id='word_1_249' title='bbox 1199 3519 1271 3565; x_wconf 92' lang='lat' dir='ltr'>non</span> <span class='ocrx_word' id='word_1_250' title='bbox 1296 3493 1422 3584; x_wconf 84' lang='lat' dir='ltr'>existat,</span> <span class='ocrx_word' id='word_1_251' title='bbox 1447 3501 1529 3595; x_wconf 89' lang='lat' dir='ltr'>quin</span> <span class='ocrx_word' id='word_1_252' title='bbox 1544 3504 1713 3574; x_wconf 86' lang='lat' dir='ltr'>continuo</span> 
     </span>
     <span class='ocr_line' id='line_1_30' title="bbox 359 3586 1714 3694; baseline 0.007 -30"><span class='ocrx_word' id='word_1_253' title='bbox 359 3591 475 3664; x_wconf 86' lang='lat' dir='ltr'>exissat</span> <span class='ocrx_word' id='word_1_254' title='bbox 491 3586 636 3664; x_wconf 89' lang='lat' dir='ltr'>dubitari</span> <span class='ocrx_word' id='word_1_255' title='bbox 653 3597 790 3691; x_wconf 91' lang='lat' dir='ltr'>nequit,</span> <span class='ocrx_word' id='word_1_256' title='bbox 815 3595 966 3694; x_wconf 83' lang='lat' dir='ltr'>haecque</span> <span class='ocrx_word' id='word_1_257' title='bbox 985 3599 1145 3665; x_wconf 91' lang='lat' dir='ltr'>continua</span> <span class='ocrx_word' id='word_1_258' title='bbox 1165 3618 1352 3694; x_wconf 87' lang='lat' dir='ltr'>corporum</span> <span class='ocrx_word' id='word_1_259' title='bbox 1365 3596 1535 3669; x_wconf 83' lang='lat' dir='ltr'>existentia</span> <span class='ocrx_word' id='word_1_260' title='bbox 1549 3602 1585 3669; x_wconf 91' lang='lat' dir='ltr'>in</span> <span class='ocrx_word' id='word_1_261' title='bbox 1610 3618 1714 3674; x_wconf 85' lang='lat' dir='ltr'>motu</span> 
     </span>
     <span class='ocr_line' id='line_1_31' title="bbox 358 3690 1712 3796; baseline 0.01 -31"><span class='ocrx_word' id='word_1_262' title='bbox 358 3718 466 3792; x_wconf 84' lang='lat' dir='ltr'>aeque</span> <span class='ocrx_word' id='word_1_263' title='bbox 480 3700 578 3791; x_wconf 88' lang='lat' dir='ltr'>atque</span> <span class='ocrx_word' id='word_1_264' title='bbox 592 3700 627 3764; x_wconf 93' lang='lat' dir='ltr'>in</span> <span class='ocrx_word' id='word_1_265' title='bbox 642 3698 755 3794; x_wconf 87' lang='lat' dir='ltr'>quiete</span> <span class='ocrx_word' id='word_1_266' title='bbox 771 3690 912 3765; x_wconf 86' lang='lat' dir='ltr'>concedi</span> <span class='ocrx_word' id='word_1_267' title='bbox 927 3691 1035 3766; x_wconf 87' lang='lat' dir='ltr'>debet.</span> <span class='ocrx_word' id='word_1_268' title='bbox 1059 3697 1190 3795; x_wconf 82' lang='lat' dir='ltr'>Exquo</span> <span class='ocrx_word' id='word_1_269' title='bbox 1203 3694 1393 3786; x_wconf 87' lang='lat' dir='ltr'>conficitur,</span> <span class='ocrx_word' id='word_1_270' title='bbox 1406 3716 1569 3796; x_wconf 86' lang='lat' dir='ltr'>punctum</span> <span class='ocrx_word' id='word_1_271' title='bbox 1584 3701 1625 3771; x_wconf 91' lang='lat' dir='ltr'>ab</span> <span class='ocrx_word' id='word_1_272' title='bbox 1641 3729 1712 3777; x_wconf 86' lang='lat' dir='ltr'>uno</span> 
     </span>
    </p>
   </div>
   <div class='ocr_carea' id='block_1_16' title="bbox 291 3791 1715 3907">
    <p class='ocr_par' dir='ltr' id='par_1_17' title="bbox 291 3791 1715 3907">
     <span class='ocr_line' id='line_1_32' title="bbox 291 3791 1715 3907; baseline 0.009 -42"><span class='ocrx_word' id='word_1_273' title='bbox 291 3875 295 3883; x_wconf 24' lang='lat'>¹</span> <span class='ocrx_word' id='word_1_274' title='bbox 359 3798 509 3868; x_wconf 87' lang='lat' dir='ltr'>termino</span> <span class='ocrx_word' id='word_1_275' title='bbox 524 3798 561 3864; x_wconf 92' lang='lat' dir='ltr'>in</span> <span class='ocrx_word' id='word_1_276' title='bbox 576 3795 680 3871; x_wconf 84' lang='lat' dir='ltr'>aliurn</span> <span class='ocrx_word' id='word_1_277' title='bbox 698 3793 837 3869; x_wconf 77' lang='lat' dir='ltr'>transire</span> <span class='ocrx_word' id='word_1_278' title='bbox 857 3821 929 3868; x_wconf 91' lang='lat' dir='ltr'>non</span> <span class='ocrx_word' id='word_1_279' title='bbox 949 3791 1062 3898; x_wconf 79' lang='lat' dir='ltr'>posse,</span> <span class='ocrx_word' id='word_1_280' title='bbox 1095 3801 1177 3898; x_wconf 90' lang='lat' dir='ltr'>quin</span> <span class='ocrx_word' id='word_1_281' title='bbox 1197 3791 1372 3870; x_wconf 79' lang='lat' dir='ltr'>successive</span> <span class='ocrx_word' id='word_1_282' title='bbox 1399 3811 1515 3899; x_wconf 21' lang='lat' dir='ltr'>*toran</span> <span class='ocrx_word' id='word_1_283' title='bbox 1543 3802 1715 3907; x_wconf 74' lang='lat' dir='ltr'>quanduo</span> 
     </span>
    </p>
   </div>
   <div class='ocr_carea' id='block_1_17' title="bbox 201 4231 327 4337">
    <p class='ocr_par' dir='ltr' id='par_1_18' title="bbox 201 4231 327 4337">
     <span class='ocr_line' id='line_1_33' title="bbox 201 4231 327 4337; baseline -0.024 -26"><span class='ocrx_word' id='word_1_284' title='bbox 201 4231 273 4337; x_wconf 77' lang='lat' dir='ltr'>ng.</span> <span class='ocrx_word' id='word_1_285' title='bbox 298 4255 327 4310; x_wconf 86' lang='lat'>1.</span> 
     </span>
    </p>
   </div>
   <div class='ocr_carea' id='block_1_18' title="bbox 245 4414 1715 4559">
    <p class='ocr_par' dir='ltr' id='par_1_19' title="bbox 245 4414 1715 4559">
     <span class='ocr_line' id='line_1_34' title="bbox 245 4414 1715 4559; baseline 0.001 -67"><span class='ocrx_word' id='word_1_286' title='bbox 245 4468 248 4475; x_wconf 85' lang='lat'>·</span> <span class='ocrx_word' id='word_1_287' title='bbox 328 4414 1715 4559; x_wconf 67' lang='lat' dir='ltr'>‘Exiitergo,quaeuonsituussuissepercipirnua‚ideamtemporiscolligimus‚at.</span> 
     </span>
    </p>
   </div>
   <div class='ocr_carea' id='block_1_19' title="bbox 361 3893 1365 4142">
    <p class='ocr_par' dir='ltr' id='par_1_20' title="bbox 361 3893 1365 4142">
     <span class='ocr_line' id='line_1_35' title="bbox 361 3893 1365 4000; baseline 0.001 -30"><span class='ocrx_word' id='word_1_288' title='bbox 361 3894 497 3985; x_wconf 69' lang='lat' dir='ltr'>dream,</span> <span class='ocrx_word' id='word_1_289' title='bbox 507 3895 547 3967; x_wconf 90' lang='lat' dir='ltr'>ab</span> <span class='ocrx_word' id='word_1_290' title='bbox 562 3894 623 3971; x_wconf 92' lang='lat' dir='ltr'>isso</span> <span class='ocrx_word' id='word_1_291' title='bbox 640 3902 787 3972; x_wconf 88' lang='lat' dir='ltr'>termino</span> <span class='ocrx_word' id='word_1_292' title='bbox 795 3893 844 4000; x_wconf 27' lang='lat' dir='ltr'>*ad</span> <span class='ocrx_word' id='word_1_293' title='bbox 854 3899 945 3972; x_wconf 89' lang='lat' dir='ltr'>hunc</span> <span class='ocrx_word' id='word_1_294' title='bbox 960 3893 1131 3972; x_wconf 85' lang='lat' dir='ltr'>extensam</span> <span class='ocrx_word' id='word_1_295' title='bbox 1144 3903 1365 4000; x_wconf 77' lang='lat' dir='ltr'>percurrerit.</span> 
     </span>
     <span class='ocr_line' id='line_1_36' title="bbox 843 4067 1221 4142; baseline -0.003 -3"><span class='ocrx_word' id='word_1_296' title='bbox 843 4067 1167 4142; x_wconf 65' lang='lat' dir='ltr'>[mmmm.</span> <span class='ocrx_word' id='word_1_297' title='bbox 1191 4085 1221 4138; x_wconf 83' lang='lat'>2.</span> 
     </span>
    </p>
   </div>
   <div class='ocr_carea' id='block_1_20' title="bbox 348 4210 1732 4423">
    <p class='ocr_par' dir='ltr' id='par_1_21' title="bbox 348 4210 1732 4423">
     <span class='ocr_line' id='line_1_37' title="bbox 461 4210 1732 4317; baseline 0.01 -29"><span class='ocrx_word' id='word_1_298' title='bbox 461 4239 516 4312; x_wconf 77' lang='lat'>24</span> <span class='ocrx_word' id='word_1_299' title='bbox 542 4218 707 4290; x_wconf 86' lang='lat' dir='ltr'>Ponamus</span> <span class='ocrx_word' id='word_1_300' title='bbox 719 4234 882 4317; x_wconf 90' lang='lat' dir='ltr'>punctum</span> <span class='ocrx_word' id='word_1_301' title='bbox 895 4210 1094 4313; x_wconf 81' lang='lat' dir='ltr'>percurrisse</span> <span class='ocrx_word' id='word_1_302' title='bbox 1110 4213 1234 4290; x_wconf 83' lang='lat' dir='ltr'>lineam</span> <span class='ocrx_word' id='word_1_303' title='bbox 1257 4216 1319 4287; x_wconf 76' lang='grc' dir='ltr'>ΛΡ</span> <span class='ocrx_word' id='word_1_304' title='bbox 1327 4216 1407 4312; x_wconf 79' lang='lat' dir='ltr'>QB,</span> <span class='ocrx_word' id='word_1_305' title='bbox 1423 4234 1457 4288; x_wconf 89' lang='lat' dir='ltr'>et</span> <span class='ocrx_word' id='word_1_306' title='bbox 1473 4244 1551 4294; x_wconf 88' lang='lat' dir='ltr'>curn</span> <span class='ocrx_word' id='word_1_307' title='bbox 1564 4223 1599 4297; x_wconf 94' lang='lat' dir='ltr'>id</span> <span class='ocrx_word' id='word_1_308' title='bbox 1615 4227 1732 4303; x_wconf 83' lang='lat' dir='ltr'>simus&#39;</span> 
     </span>
     <span class='ocr_line' id='line_1_38' title="bbox 348 4314 1716 4423; baseline 0.011 -34"><span class='ocrx_word' id='word_1_309' title='bbox 348 4317 445 4389; x_wconf 69' lang='lat' dir='ltr'>‘inst</span> <span class='ocrx_word' id='word_1_310' title='bbox 463 4319 532 4387; x_wconf 89' lang='lat' dir='ltr'>etB</span> <span class='ocrx_word' id='word_1_311' title='bbox 551 4314 615 4391; x_wconf 88' lang='lat' dir='ltr'>esse</span> <span class='ocrx_word' id='word_1_312' title='bbox 624 4338 778 4423; x_wconf 89' lang='lat' dir='ltr'>nequeat,</span> <span class='ocrx_word' id='word_1_313' title='bbox 794 4315 926 4392; x_wconf 81' lang='lat' dir='ltr'>necesse</span> <span class='ocrx_word' id='word_1_314' title='bbox 942 4320 998 4409; x_wconf 79' lang='lat' dir='ltr'>esi,</span> <span class='ocrx_word' id='word_1_315' title='bbox 1007 4323 1088 4391; x_wconf 92' lang='lat' dir='ltr'>utin</span> <span class='ocrx_word' id='word_1_316' title='bbox 1099 4320 1124 4390; x_wconf 90' lang='lat' dir='ltr'>B</span> <span class='ocrx_word' id='word_1_317' title='bbox 1134 4322 1325 4415; x_wconf 87' lang='lat' dir='ltr'>reperiatur,</span> <span class='ocrx_word' id='word_1_318' title='bbox 1334 4316 1509 4420; x_wconf 74' lang='lat' dir='ltr'>postquam</span> <span class='ocrx_word' id='word_1_319' title='bbox 1517 4314 1716 4411; x_wconf 79' lang='lat' dir='ltr'>fueritinti.</span> 
     </span>
    </p>
   </div>
   <div class='ocr_carea' id='block_1_21' title="bbox 1652 4522 1733 4641">
    <p class='ocr_par' dir='ltr' id='par_1_22' title="bbox 1652 4522 1733 4641">
     <span class='ocr_line' id='line_1_39' title="bbox 1652 4522 1733 4641; baseline 0.012 -31"><span class='ocrx_word' id='word_1_320' title='bbox 1652 4563 1715 4641; x_wconf 72' lang='lat' dir='ltr'>que</span> <span class='ocrx_word' id='word_1_321' title='bbox 1726 4522 1733 4539; x_wconf 49' lang='grc' dir='ltr'>Ι</span> 
     </span>
    </p>
   </div>
   <div class='ocr_carea' id='block_1_22' title="bbox 0 0 2062 5134">
    <p class='ocr_par' dir='ltr' id='par_1_23' title="bbox 0 0 2062 5134">
     <span class='ocr_line' id='line_1_40' title="bbox 0 0 2062 5134; baseline 0 0"><span class='ocrx_word' id='word_1_322' title='bbox 0 0 2062 5134; x_wconf 95' lang='lat' dir='ltr'> </span> 
     </span>
    </p>
   </div>
  </div>
 </body>
</html>
