4092 5134
495 343 500 349 ·
648 345 1092 475 Panamara·

171 565 392 658 celeritatis
405 565 633 686 angularis,
668 593 798 688 quam
822 566 918 654 axis
938 566 1167 681 gyrationis
1189 570 1389 688 positione
1411 573 1543 695 respo·

169 718 239 829 siu
253 723 381 809 trium
395 723 542 810 axium
555 716 844 838 principalium
857 716 1045 831 corporis
1067 712 1122 801 ad
1140 715 1319 830 quodvis
1339 730 1541 843 temporis

168 892 451 973 momentum5
482 869 671 958 nondum
687 889 830 954 tamen
845 862 994 980 liquet,
1022 854 1285 979 quemfitur'n
1301 898 1455 989 corpus
1475 886 1542 963 re'·
1643 926 1648 935 ·

169 1018 304 1137 spediu
322 1018 435 1140 spatii
458 1018 629 1107 absoluti
650 1036 800 1105 teneat.
866 1012 979 1102 Cum
1006 1015 1120 1099 enim
1139 1012 1212 1100 iste
1233 1014 1330 1107 fitus
1351 1026 1540 1136 corporis

167 1169 332 1261 labente
344 1196 533 1289 tempore
548 1170 747 1258 continuo
765 1166 962 1272 varietur,
992 1162 1120 1251 etiam
1135 1160 1238 1249 haec
1253 1165 1410 1281 questio
1427 1172 1539 1286 prio·
1606 1171 1611 1178 ’

167 1323 282 1410 ribus
298 1318 561 1436 adjungenda
576 1338 683 1431 erat:
712 1311 761 1404 Si
775 1313 829 1402 ad
852 1312 998 1400 datum
1022 1313 1187 1429 tenipus
1213 1318 1403 1429 cognitus
1428 1318 1476 1409 fit
1491 1318 1540 1409 si.
1584 1310 1591 1325 ‘
1717 1410 1724 1439 ἱ

167 1488 236 1560 tus
255 1474 440 1586 corporis
453 1467 573 1585 rigidi
589 1469 700 1555 circa
713 1465 954 1581 quempiam
984 1490 1113 1551 axem
1131 1491 1207 1580 per
1221 1465 1327 1578 ‚ejus
1347 1486 1541 1559 centanam
1707 1526 1710 1531 -

166 1623 339 1710 inertiae
358 1612 643 1713 ,transeuntem
672 1615 878 1731 gyrantis‚
916 1629 1042 1726 atque
1063 1631 1152 1701 tam
1174 1618 1267 1703 axis
1289 1617 1540 1731 gyrationis,

166 1794 297 1886 quam
313 1767 501 1858 celeritas
516 1764 723 1884 angulatis
735 1782 946 1879 utcunque
959 1764 1177 1879 varietur,
1194 1763 1409 1882 quomodo
1421 1768 1538 1857 inve·
1681 1892 1684 1897 Ι

165 1919 317 2009 nienda
334 1919 383 2006 fit
395 1922 571 2006 mutatio
593 1932 887 2005 momentanea
904 1911 948 1995 in
974 1915 1161 2026 corporis
1184 1914 1261 2005 fitu
1275 1937 1379 2005 orta.
1436 1917 1539 2009 Hoc
1589 1988 1593 1999 .
1631 1970 1637 1979 ·

167 2065 340 2156 demum
354 2066 612 2184 problemate
625 2061 814 2170 resoluto,
825 2059 1012 2148 universa
1026 2064 1246 2161 theoriade
1254 2088 1374 2156 motu
1389 2100 1540 2195 corpo·

165 2206 502 2334 rumrigidonun
516 2196 699 2307 absoluta
710 2211 768 2300 est
780 2196 1002 2321 censenda,
1041 2234 1215 2333 tumque
1238 2216 1416 2336 quodvis
1440 2252 1538 2342 pro·
1607 2262 1616 2273 ⁴

165 2363 304 2453 blema
319 2365 624 2477 mechanicum,
648 2383 862 2475 utcunque
876 2357 1173 2476 complicatum
1186 2365 1252 2477 fit,
1268 2372 1538 2485 aequationb
1659 2432 1666 2453 .
1766 2350 1771 2357 ’

164 2514 244 2602 bus
261 2513 653 2620 fundamentalibus,
676 2541 735 2601 ex
758 2506 881 2626 ipsius
897 2510 1200 2605 conditionibus
1215 2514 1441 2609 secundum
1459 2518 1538 2610 sta·

161 2664 280 2753 ¹bilita
293 2671 493 2783 principia
509 2661 709 2772 deduffiq
736 2658 885 2748 calculi
904 2662 1113 2776 integralis
1131 2691 1212 2779 ope
1234 2663 1440 2778 complete
1459 2669 1539 2755 erit

165 2812 468 2903 resolvendum.
1022 2870 1030 2877 —
1572 2854 1583 2869 r

121 2968 122 2974 ‘
284 2961 487 3078 Exposita
511 2961 747 3050 srctheoria
760 2956 943 3075 generali
967 2958 1020 3048 de
1041 2962 1170 3051 modo
1195 2963 1373 3082 singulas
1394 2987 1536 3061 motus
1622 3074 1626 3080 ,
1678 2977 1683 2984 ’

168 3124 394 3231 corporum'
404 3111 633 3227 rigidorum
647 3112 896 3201 variationes
907 3098 1221 3223 aequationibus
1228 3117 1444 3233 analyticis
1459 3148 1536 3209 ex·

131 3336 135 3347 .
166 3255 390 3380 primendi‚
418 3285 525 3346 cen.
550 3286 761 3350 Avcroa
783 3258 1024 3374 adgreditur
1048 3260 1367 3378 applicationem
1387 3266 1541 3386 princi.'

163 3414 330 3529 piorum
343 3408 397 3493 ab
412 3405 496 3523 ipso
513 3407 783 3499 stabilitorum
800 3407 854 3495 ad
869 3406 984 3497 casus
997 3406 1190 3526 speciales
1215 3413 1258 3497 in
1280 3406 1438 3505 mundo
1459 3420 1536 3506 ob-'

164 3564 272 3666 vios,
301 3560 358 3644 ita
374 3557 556 3672 quidem,
584 3579 633 3647 ut
643 3565 795 3678 primo,
808 3588 833 3645 a
846 3560 1004 3648 viribus
1019 3563 1206 3655 externis
1229 3559 1536 3667 sollicitantibus
1694 3580 1700 3589 ‘

166 3705 453 3818 abstrahendm
472 3732 649 3822 corpora
671 3711 743 3800 srbi
761 3704 902 3802 relicta
933 3729 1096 3797 tantum
1127 3711 1451 3831 contempletur,
1481 3746 1533 3805 ac

166 3855 393 3945 corallitutis
407 3857 538 3944 tribus
554 3887 778 3978 corporum
791 3862 1025 3974 generibus,
1039 3887 1096 3944 ex
1109 3859 1248 3947 indole
1263 3864 1410 3948 axium
1423 3866 1533 3978 prin-
1633 3982 1637 3987 ,

165 4005 361 4126 cipalium
374 4010 525 4121 petitis,
540 4014 672 4100 tribus
694 4037 863 4126 quoque
870 4007 1087 4125 Capitibus
1102 3982 1297 4100 xt‘xlt
1306 4006 1427 4101 Xlll.
1443 4041 1534 4101 mo·

165 4155 439 4248 tumevolvat
454 4174 678 4278 corporum
691 4161 935 4278 rigidorum,
965 4159 1102 4272 primo
1116 4162 1246 4247 ternis
1259 4159 1411 4249 axibus
1424 4166 1532 4277 prin·

164 4302 365 4427 cipalibus
377 4311 564 4425 paribus,
592 4311 741 4409 deinde
755 4311 919 4405 duobus
936 4331 1102 4402 tantum
1115 4311 1308 4430 paribuS,
1344 4341 1395 4401 ac
1418 4313 1534 4401 deni·

870 4486 954 4561 ca
1006 4484 1011 4495 '
1449 4487 1534 4587 que
