4092 5134
456 460 841 553 rasurussrvo
867 420 1182 555 corsorum
1211 436 1543 559 uoruoruu
1608 434 1677 581 ἑοῖ

600 732 606 741 ,
756 630 760 637 ’
847 610 1157 743 co'iroiu'r.
1232 612 1236 619 ’
1661 608 1663 619 ’
1750 638 1752 643 ’

421 758 499 829 266.
527 754 677 855 Cognito
705 778 789 853 ergo
816 774 912 823 motu
937 760 1027 826 unici
1054 756 1169 855 puusii
1185 762 1346 831 'oruuium
1373 748 1577 861 putidorum
1606 790 1679 835 mo·

316 878 365 927 tus
387 874 509 957 utpote
532 854 581 926 issi
598 854 741 957 aequalis
752 852 958 927 innotescit:
997 854 1123 957 singula
1147 864 1239 931 enim
1265 862 1386 961 punsia
1414 871 1534 951 qrrovis
1549 884 1677 963 tempo·

317 964 360 1029 ris
377 978 560 1029 momento
575 954 757 1029 secuudum
776 956 916 1029 earrderu
931 956 1154 1033 directionem
1180 980 1213 1035 ct
1236 960 1352 1049 cadem
1376 952 1543 1039 cescritats
1566 964 1677 1039 seruu-

315 1082 394 1149 tur,
424 1056 627 1160 atqueillud
649 1080 823 1159 puuctum.
1671 1054 1674 1061 ’

735 1214 772 1281 s
826 1210 1183 1285 COROLLUQ.

413 1317 487 1401 267.
513 1312 592 1388 Sive
622 1337 706 1411 crgo
726 1338 831 1385 unum
856 1304 993 1415 aliquod
1013 1324 1176 1406 punctum
1209 1310 1331 1385 lineam
1352 1298 1480 1388 rectam
1511 1316 1582 1390 five
1601 1344 1676 1391 cur·

319 1438 386 1483 ram
402 1434 501 1485 motu
519 1440 721 1514 quocunque
737 1410 920 1508 describit,
960 1416 1075 1482 ouuria
1102 1410 1200 1510 plane
1218 1434 1343 1511 puncta
1370 1424 1405 1491 iu
1424 1420 1614 1521 aequalibus
1639 1424 1678 1492 ti-

322 1522 384 1589 neis
400 1512 471 1587 five
488 1522 590 1587 rectis
605 1513 672 1587 five
685 1522 797 1588 curvis
813 1515 913 1588 simili
933 1508 1040 1584 modo
1055 1514 1296 1587 movebuntur.

764 1668 1085 1741 *cottouu

415 1774 490 1855 268.
516 1766 597 1845 Tali
624 1784 757 1850 motu,
797 1764 864 1839 sive
895 1766 935 1837 su
958 1688 1148 1861 rectilinepi
1180 1762 1252 1837 ssve
1278 1763 1481 1837 curvisineus
1508 1824 1519 1853 ,
1556 1764 1675 1841 disiun-

325 1874 375 1941 tiae
393 1872 556 1944 binorum
571 1894 787 1971 quorumque
803 1886 1009 1967 punctorum
1023 1870 1178 1967 corporis
1193 1888 1267 1955 ¹uon
1282 1885 1466 1949 mutantur.
1517 1870 1608 1963 Quin
1625 1889 1672 1941 et-

325 1974 376 2041 iarn
390 1994 503 2047 rectae
520 1974 594 2046 bina
604 1996 755 2073 quaeque
763 1988 888 2071 puncta
902 1977 1077 2073 jungentes
1094 1986 1258 2069 perpetuo
1273 1966 1333 2043 sibi
1343 1970 1674 2071 manentparaslelae.

824 2136 1152 2211 scHott-ou.

411 2268 487 2357 ²⁶9·
509 2264 576 2332 Hic
591 2276 703 2331 motus
724 2276 879 2357 tanquam
906 2258 1158 2357 simplicissimus
1174 2319 1184 2349 ,
1200 2282 1203 2297 '
1217 2274 1251 2333 et
1274 2262 1366 2360 cujus
1384 2258 1501 2331 ‘durnin
1528 2287 1673 2361 corpora

324 2352 386 2433 sunt
405 2370 554 2463 capacia,
579 2368 707 2460 primus
724 2356 756 2431 se
777 2358 1055 2433 considerandum
1071 2358 1190 2449 offert,
1219 2388 1364 2463 eumque
1378 2356 1419 2434 in¹
1431 2354 1577 2435 motibus
1593 2374 1669 2434 eor-

321 2486 434 2559 porum
458 2465 653 2537 coelestium
669 2468 782 2561 primo
803 2460 1111 2536 animadvertimus.
1190 2466 1284 2535 Dum
1308 2472 1458 2536 enimes
1482 2485 1517 2536 ut
1545 2478 1669 2564 punc'ta

321 2558 522 2661 spectamus,
555 2563 720 2639 calculum
738 2570 781 2635 ita
795 2562 1021 2653 instituimus,
1048 2564 1137 2666 quasi
1160 2560 1234 2637 soso
1258 2586 1356 2637 motu
1383 2565 1591 2665 progressive
1609 2592 1669 2666 per

325 2666 433 2739 coelos
448 2666 632 2751 ferrentur,
654 2692 691 2735 ac
709 2664 864 2757 deinceps
880 2664 1018 2735 demum
1040 2664 1114 2760 ipsis
1140 2660 1273 2760 insuper
1296 2684 1432 2734 motum
1455 2676 1670 2763 'gyratorium

323 2768 526 2841 tribuimust
558 2766 614 2835 ubi
640 2759 777 2861 quidem
809 2766 904 2856 prior
933 2778 1045 2831 motus
1073 2760 1282 2863 periodicas,
1308 2762 1474 2861 posterior
1499 2774 1672 2863 voraginis

315 2876 423 2939 uocari
447 2866 545 2947 solet,
597 2858 742 2955 Quando
759 2877 872 2935 autem
889 2866 1027 2962 corpori
1049 2856 1157 2931 solum
1180 2879 1311 2961 motum
1333 2861 1577 2966 progreffivum
1599 2860 1668 2953 sme

322 2968 379 3043 ullo
399 2968 564 3063 adjuncto
578 2970 752 3067 gyratorio
770 2961 974 3051 tribuimus,
996 2989 1069 3037 rem
1095 2969 1139 3035 ira
1163 2969 1399 3065 concipimus,
1425 2985 1461 3039 ut
1486 2982 1596 3041 rectae
1617 2966 1665 3037 bi·-

322 3096 353 3143 ur
366 3098 525 3175 quaeque
546 3090 668 3168 puncta
681 3073 836 3167 eorporis
857 3060 1031 3171 jungentes
1054 3086 1217 3170 perpetuo
1240 3067 1298 3141 sibi
1316 3068 1489 3169 parallelae
1516 3064 1572 3141 seu
1597 3096 1663 3141 eas·

322 3172 386 3247 dau
408 3174 497 3245 coesi
513 3170 624 3272 plagas
642 3166 754 3242 versus
779 3166 924 3243 directae
949 3190 1115 3245 maneant.
1187 3173 1232 3239 At
1261 3179 1391 3271 quoties
1412 3174 1493 3244 haec
1513 3170 1665 3243 conditio

321 3274 525 3377 in'quopiaur
543 3292 636 3344 motu
654 3271 766 3343 locum
784 3272 996 3357 nonhabet,
1012 3262 1103 3343 'illud
1119 3295 1241 3370 corpus
1256 3298 1327 3367 uon
1341 3292 1438 3343 motu
1458 3298 1518 3369 pro
1546 3270 1665 3341 ressmo

321 3368 384 3447 suso
403 3371 460 3449 seu
478 3401 565 3475 puro
590 3380 742 3458 moueri,
761 3368 817 3445 sed
834 3368 968 3473 insuper
991 3392 1102 3443 motus
1152 3370 1262 3444 uidam
1309 3378 1473 3465 yratorius
1494 3297 1666 3443 admisceri

323 3474 490 3565 censetur,
524 3470 712 3568 cujusmodi
732 3470 894 3546 admixtio
923 3470 1100 3575 quomodo
1127 3399 1207 3562 sat,
1231 3479 1265 3545 iu
1282 3500 1333 3557 ra,
1349 3464 1449 3546 fufius
1472 3492 1665 3573 exponetur.
1737 3514 1743 3525 -

323 3578 475 3653 Ceterum
492 3582 570 3649 hiuc
591 3577 696 3647 ssatiru
720 3595 822 3676 patet,
849 3574 988 3663 limam,
1018 3580 1178 3676 quoniam
1204 3594 1312 3649 terrae
1338 3572 1469 3675 semper
1491 3570 1564 3647 sere
1589 3602 1664 3647 cart-

325 3678 392 3753 dem
406 3680 527 3754 faciem
549 3680 713 3764 obvertit,
735 3704 807 3749 non
832 3698 928 3751 motu
951 3674 1159 3777 progreffivo
1183 3705 1270 3777 puro
1295 3684 1520 3777 promoveri,
1549 3672 1605 3750 sed
1633 3685 1665 3750 ei

325 3804 445 3857 motum
460 3778 627 3885 quendam
647 3786 858 3883 gyratorium
874 3775 1061 3853 admisceri.
1113 3780 1207 3876 Quae
1223 3807 1305 3880 ergo
1324 3784 1390 3852 hoc
1407 3786 1514 3881 capite
1532 3777 1665 3853 tradeu.

327 3906 392 3971 tur,
416 3890 457 3958 de
474 3902 570 3957 mutu
585 3910 650 3983 pro
676 3878 794 3954 ressrvo
810 3907 924 3981 puro,
947 3877 1074 3953 etiamsi
1089 3906 1155 3951 vox
1176 3891 1255 3981 pori
1270 3908 1338 3953 uon
1354 3878 1524 3979 adjicitur,
1546 3882 1666 3955 iutelli-

327 3994 421 4085 geuda
437 3986 530 4065 tunt,
557 3910 691 4087 quaudo
702 3988 792 4055 enim
809 3988 939 4085 gyratio
955 3978 1119 4085 quaedam
1133 3976 1382 4083 superadditur,
1409 4002 1520 4059 motus
1532 3990 1566 4057 iu
1582 3981 1670 4057 aliud

328 4116 419 4187 genus
441 4084 567 4169 transit.

742 4190 774 4259 Y
796 4189 832 4256 H
855 4190 883 4259 E
911 4190 936 4259 O
961 4190 993 4257 tt
1017 4192 1046 4259 E
1067 4190 1110 4261 M
1134 4190 1171 4257 A.
1237 4212 1259 4259 r.

413 4318 487 4381 270.
515 4292 669 4387 Corpus,
696 4293 748 4358 cui
769 4282 870 4359 semel
892 4280 993 4357 fuerit
1018 4282 1191 4387 impressus
1215 4272 1327 4363 motus
1352 4282 1600 4389 progressum,
1626 4281 1670 4352 ob

329 4394 472 4467 inertiam
490 4378 654 4491 perpetuo
670 4392 735 4461 hoc
751 4408 847 4461 motu
869 4386 1084 4463 uniformiter
1108 4395 1143 4465 iu
1167 4386 1333 4465 directum
1359 4382 1519 4490 progredi
1540 4402 1669 4483 perget,

329 4492 378 4567 uili
395 4522 412 4567 a
429 4492 694 4567 curisrscxternis
714 4490 878 4569 turbetur.

940 4591 1016 4663 02
1051 4527 1054 4531 ·
1468 4584 1669 4659 DEMON·
