<?xml version="1.0" encoding="UTF-8"?>
<!DOCTYPE html PUBLIC "-//W3C//DTD XHTML 1.0 Transitional//EN"
    "http://www.w3.org/TR/xhtml1/DTD/xhtml1-transitional.dtd">
<html xmlns="http://www.w3.org/1999/xhtml" xml:lang="en" lang="en">
 <head>
  <title>
</title>
<meta http-equiv="Content-Type" content="text/html;charset=utf-8" />
  <meta name='ocr-system' content='tesseract 3.04.00' />
  <meta name='ocr-capabilities' content='ocr_page ocr_carea ocr_par ocr_line ocrx_word'/>
</head>
<body>
  <div class='ocr_page' id='page_1' title='image "./theoriamotvscor00eulegoog/theoriamotvscor00eulegoog_0107.png"; bbox 0 0 4092 5134; ppageno 0'>
   <div class='ocr_carea' id='block_1_1' title="bbox 173 376 1542 567">
    <p class='ocr_par' dir='ltr' id='par_1_1' title="bbox 173 376 1542 568">
     <span class='ocr_line' id='line_1_1' title="bbox 173 376 1542 567; baseline 0.007 -35"><span class='ocrx_word' id='word_1_1' title='bbox 173 482 219 517; x_wconf 43' lang='grc' dir='ltr'>κ</span> <span class='ocrx_word' id='word_1_2' title='bbox 287 376 484 533; x_wconf 76' lang='lat' dir='ltr'>canor</span> <span class='ocrx_word' id='word_1_3' title='bbox 506 444 576 549; x_wconf 81' lang='lat' dir='ltr'>iv.</span> <span class='ocrx_word' id='word_1_4' title='bbox 618 444 694 533; x_wconf 80' lang='lat' dir='ltr'>nn</span> <span class='ocrx_word' id='word_1_5' title='bbox 719 444 1008 535; x_wconf 77' lang='lat' dir='ltr'>mansurus</span> <span class='ocrx_word' id='word_1_6' title='bbox 1031 448 1353 539; x_wconf 75' lang='lat' dir='ltr'>Ausonius</span> <span class='ocrx_word' id='word_1_7' title='bbox 1376 452 1455 541; x_wconf 76' lang='lat' dir='ltr'>ae.</span> <span class='ocrx_word' id='word_1_8' title='bbox 1486 462 1542 567; x_wconf 83' lang='lat'>69</span> 
     </span>
    </p>
   </div>
   <div class='ocr_carea' id='block_1_2' title="bbox 185 634 1541 3071">
    <p class='ocr_par' dir='ltr' id='par_1_2' title="bbox 185 634 1541 3071">
     <span class='ocr_line' id='line_1_2' title="bbox 187 634 1541 737; baseline 0.005 -30"><span class='ocrx_word' id='word_1_9' title='bbox 187 656 281 737; x_wconf 79' lang='lat' dir='ltr'>agat,</span> <span class='ocrx_word' id='word_1_10' title='bbox 310 646 414 735; x_wconf 86' lang='lat' dir='ltr'>eaque</span> <span class='ocrx_word' id='word_1_11' title='bbox 439 634 594 708; x_wconf 81' lang='lat' dir='ltr'>deorsum</span> <span class='ocrx_word' id='word_1_12' title='bbox 620 634 786 731; x_wconf 87' lang='lat' dir='ltr'>impellat,</span> <span class='ocrx_word' id='word_1_13' title='bbox 822 642 922 707; x_wconf 89' lang='lat' dir='ltr'>ctiam</span> <span class='ocrx_word' id='word_1_14' title='bbox 958 642 979 709; x_wconf 94' lang='lat' dir='ltr'>ii</span> <span class='ocrx_word' id='word_1_15' title='bbox 997 634 1200 737; x_wconf 77' lang='lat' dir='ltr'>agnoscunt,</span> <span class='ocrx_word' id='word_1_16' title='bbox 1229 646 1285 737; x_wconf 89' lang='lat' dir='ltr'>qui</span> <span class='ocrx_word' id='word_1_17' title='bbox 1319 649 1387 734; x_wconf 83' lang='lat' dir='ltr'>ejus</span> <span class='ocrx_word' id='word_1_18' title='bbox 1412 640 1541 716; x_wconf 85' lang='lat' dir='ltr'>causam</span> 
     </span>
     <span class='ocr_line' id='line_1_3' title="bbox 186 739 1539 838; baseline 0.006 -29"><span class='ocrx_word' id='word_1_19' title='bbox 186 745 226 809; x_wconf 89' lang='lat' dir='ltr'>in</span> <span class='ocrx_word' id='word_1_20' title='bbox 243 739 437 809; x_wconf 79' lang='lat' dir='ltr'>attradliouc</span> <span class='ocrx_word' id='word_1_21' title='bbox 454 760 594 837; x_wconf 85' lang='lat' dir='ltr'>ponunt.</span> <span class='ocrx_word' id='word_1_22' title='bbox 648 742 801 834; x_wconf 78' lang='lat' dir='ltr'>Corpora</span> <span class='ocrx_word' id='word_1_23' title='bbox 834 748 924 810; x_wconf 88' lang='lat' dir='ltr'>euim</span> <span class='ocrx_word' id='word_1_24' title='bbox 952 768 1021 811; x_wconf 86' lang='lat' dir='ltr'>uon</span> <span class='ocrx_word' id='word_1_25' title='bbox 1051 744 1191 838; x_wconf 85' lang='lat' dir='ltr'>propriu</span> <span class='ocrx_word' id='word_1_26' title='bbox 1215 740 1361 837; x_wconf 87' lang='lat' dir='ltr'>quodam</span> <span class='ocrx_word' id='word_1_27' title='bbox 1386 746 1539 817; x_wconf 79' lang='lat' dir='ltr'>inssinttu</span> 
     </span>
     <span class='ocr_line' id='line_1_4' title="bbox 188 836 1541 941; baseline 0.004 -28"><span class='ocrx_word' id='word_1_28' title='bbox 188 862 317 929; x_wconf 88' lang='lat' dir='ltr'>terram</span> <span class='ocrx_word' id='word_1_29' title='bbox 336 836 447 911; x_wconf 79' lang='lat' dir='ltr'>versus</span> <span class='ocrx_word' id='word_1_30' title='bbox 468 848 602 941; x_wconf 80' lang='lat' dir='ltr'>urgeri,</span> <span class='ocrx_word' id='word_1_31' title='bbox 631 836 685 909; x_wconf 88' lang='lat' dir='ltr'>scd</span> <span class='ocrx_word' id='word_1_32' title='bbox 702 866 717 907; x_wconf 89' lang='lat' dir='ltr'>a</span> <span class='ocrx_word' id='word_1_33' title='bbox 739 846 768 909; x_wconf 91' lang='lat' dir='ltr'>vi</span> <span class='ocrx_word' id='word_1_34' title='bbox 786 862 891 911; x_wconf 83' lang='lat' dir='ltr'>terrac</span> <span class='ocrx_word' id='word_1_35' title='bbox 909 844 1096 913; x_wconf 72' lang='lat' dir='ltr'>auraclrice</span> <span class='ocrx_word' id='word_1_36' title='bbox 1115 842 1235 911; x_wconf 75' lang='lat' dir='ltr'>attrahi</span> <span class='ocrx_word' id='word_1_37' title='bbox 1257 843 1409 918; x_wconf 86' lang='lat' dir='ltr'>llatuunt.</span> <span class='ocrx_word' id='word_1_38' title='bbox 1455 850 1541 918; x_wconf 86' lang='lat' dir='ltr'>Rem</span> 
     </span>
     <span class='ocr_line' id='line_1_5' title="bbox 187 939 1539 1048; baseline 0.002 -33"><span class='ocrx_word' id='word_1_39' title='bbox 187 940 313 1015; x_wconf 88' lang='lat' dir='ltr'>scilicet</span> <span class='ocrx_word' id='word_1_40' title='bbox 330 947 374 1011; x_wconf 91' lang='lat' dir='ltr'>ita</span> <span class='ocrx_word' id='word_1_41' title='bbox 400 950 613 1042; x_wconf 82' lang='lat' dir='ltr'>concipiunt,</span> <span class='ocrx_word' id='word_1_42' title='bbox 637 939 726 1041; x_wconf 84' lang='lat' dir='ltr'>quali</span> <span class='ocrx_word' id='word_1_43' title='bbox 752 962 838 1011; x_wconf 87' lang='lat' dir='ltr'>terra</span> <span class='ocrx_word' id='word_1_44' title='bbox 865 939 1109 1041; x_wconf 66' lang='lat' dir='ltr'>quamuaverl&#39;us</span> <span class='ocrx_word' id='word_1_45' title='bbox 1134 950 1221 1014; x_wconf 80' lang='lat' dir='ltr'>vires</span> <span class='ocrx_word' id='word_1_46' title='bbox 1244 954 1431 1032; x_wconf 86' lang='lat' dir='ltr'>cmitteret,</span> <span class='ocrx_word' id='word_1_47' title='bbox 1454 974 1539 1048; x_wconf 84' lang='lat' dir='ltr'>qnae</span> 
     </span>
     <span class='ocr_line' id='line_1_6' title="bbox 187 1042 1539 1148; baseline 0.004 -32"><span class='ocrx_word' id='word_1_48' title='bbox 187 1070 334 1142; x_wconf 89' lang='lat' dir='ltr'>corpora</span> <span class='ocrx_word' id='word_1_49' title='bbox 359 1045 533 1115; x_wconf 85' lang='lat' dir='ltr'>ambicnria</span> <span class='ocrx_word' id='word_1_50' title='bbox 561 1042 754 1141; x_wconf 76' lang='lat' dir='ltr'>complexae</span> <span class='ocrx_word' id='word_1_51' title='bbox 786 1066 909 1115; x_wconf 86' lang='lat' dir='ltr'>terram</span> <span class='ocrx_word' id='word_1_52' title='bbox 943 1042 1054 1117; x_wconf 82' lang='lat' dir='ltr'>versus</span> <span class='ocrx_word' id='word_1_53' title='bbox 1084 1044 1276 1141; x_wconf 80' lang='lat' dir='ltr'>impellant3</span> <span class='ocrx_word' id='word_1_54' title='bbox 1323 1074 1432 1148; x_wconf 86' lang='lat' dir='ltr'>neque</span> <span class='ocrx_word' id='word_1_55' title='bbox 1455 1074 1539 1121; x_wconf 88' lang='lat' dir='ltr'>vero</span> 
     </span>
     <span class='ocr_line' id='line_1_7' title="bbox 187 1143 1536 1249; baseline 0 -30"><span class='ocrx_word' id='word_1_56' title='bbox 187 1150 274 1219; x_wconf 91' lang='lat' dir='ltr'>hanc</span> <span class='ocrx_word' id='word_1_57' title='bbox 290 1150 411 1215; x_wconf 89' lang='lat' dir='ltr'>virium</span> <span class='ocrx_word' id='word_1_58' title='bbox 429 1143 635 1217; x_wconf 75' lang='lat' dir='ltr'>emill‘mnem</span> <span class='ocrx_word' id='word_1_59' title='bbox 653 1172 718 1243; x_wconf 83' lang='lat' dir='ltr'>ope</span> <span class='ocrx_word' id='word_1_60' title='bbox 735 1146 835 1217; x_wconf 86' lang='lat' dir='ltr'>medii</span> <span class='ocrx_word' id='word_1_61' title='bbox 853 1148 1016 1239; x_wconf 80' lang='lat' dir='ltr'>interjecli</span> <span class='ocrx_word' id='word_1_62' title='bbox 1040 1144 1114 1217; x_wconf 81' lang='lat' dir='ltr'>fieri</span> <span class='ocrx_word' id='word_1_63' title='bbox 1141 1168 1272 1244; x_wconf 85' lang='lat' dir='ltr'>putant,</span> <span class='ocrx_word' id='word_1_64' title='bbox 1301 1146 1358 1219; x_wconf 80' lang='lat' dir='ltr'>sed</span> <span class='ocrx_word' id='word_1_65' title='bbox 1384 1176 1455 1221; x_wconf 89' lang='lat' dir='ltr'>eam</span> <span class='ocrx_word' id='word_1_66' title='bbox 1481 1178 1536 1249; x_wconf 90' lang='lat' dir='ltr'>pa·</span> 
     </span>
     <span class='ocr_line' id='line_1_8' title="bbox 186 1245 1538 1331; baseline 0.001 -10"><span class='ocrx_word' id='word_1_67' title='bbox 186 1256 269 1321; x_wconf 86' lang='lat' dir='ltr'>riter</span> <span class='ocrx_word' id='word_1_68' title='bbox 286 1246 397 1317; x_wconf 91' lang='lat' dir='ltr'>locum</span> <span class='ocrx_word' id='word_1_69' title='bbox 418 1248 540 1319; x_wconf 85' lang='lat' dir='ltr'>habere</span> <span class='ocrx_word' id='word_1_70' title='bbox 559 1245 694 1331; x_wconf 87' lang='lat' dir='ltr'>volunt,</span> <span class='ocrx_word' id='word_1_71' title='bbox 721 1247 969 1319; x_wconf 83' lang='lat' dir='ltr'>etiarnli&#39;oumis</span> <span class='ocrx_word' id='word_1_72' title='bbox 996 1255 1135 1320; x_wconf 88' lang='lat' dir='ltr'>materia</span> <span class='ocrx_word' id='word_1_73' title='bbox 1157 1255 1244 1320; x_wconf 89' lang='lat' dir='ltr'>inter</span> <span class='ocrx_word' id='word_1_74' title='bbox 1265 1268 1389 1322; x_wconf 88' lang='lat' dir='ltr'>terram</span> <span class='ocrx_word' id='word_1_75' title='bbox 1412 1269 1443 1323; x_wconf 86' lang='lat' dir='ltr'>et</span> <span class='ocrx_word' id='word_1_76' title='bbox 1461 1278 1538 1322; x_wconf 91' lang='lat' dir='ltr'>cur-</span> 
     </span>
     <span class='ocr_line' id='line_1_9' title="bbox 185 1348 1537 1452; baseline -0.001 -29"><span class='ocrx_word' id='word_1_77' title='bbox 185 1362 270 1451; x_wconf 85' lang='lat' dir='ltr'>pora</span> <span class='ocrx_word' id='word_1_78' title='bbox 285 1348 472 1420; x_wconf 86' lang='lat' dir='ltr'>tolleretur.</span> <span class='ocrx_word' id='word_1_79' title='bbox 521 1353 620 1421; x_wconf 88' lang='lat' dir='ltr'>Furet</span> <span class='ocrx_word' id='word_1_80' title='bbox 636 1372 718 1447; x_wconf 83' lang='lat' dir='ltr'>ergo</span> <span class='ocrx_word' id='word_1_81' title='bbox 744 1356 886 1446; x_wconf 86' lang='lat' dir='ltr'>gravitas</span> <span class='ocrx_word' id='word_1_82' title='bbox 908 1356 954 1421; x_wconf 81' lang='lat' dir='ltr'>vis</span> <span class='ocrx_word' id='word_1_83' title='bbox 973 1350 1202 1433; x_wconf 82' lang='lat' dir='ltr'>immaterialis</span> <span class='ocrx_word' id='word_1_84' title='bbox 1218 1358 1251 1421; x_wconf 92' lang='lat' dir='ltr'>in</span> <span class='ocrx_word' id='word_1_85' title='bbox 1266 1376 1410 1449; x_wconf 84' lang='lat' dir='ltr'>corpora</span> <span class='ocrx_word' id='word_1_86' title='bbox 1425 1378 1537 1452; x_wconf 86' lang='lat' dir='ltr'>agens,</span> 
     </span>
     <span class='ocr_line' id='line_1_10' title="bbox 186 1448 1538 1553; baseline 0 -28"><span class='ocrx_word' id='word_1_87' title='bbox 186 1479 307 1525; x_wconf 85' lang='lat' dir='ltr'>verum</span> <span class='ocrx_word' id='word_1_88' title='bbox 324 1478 400 1521; x_wconf 90' lang='lat' dir='ltr'>cum</span> <span class='ocrx_word' id='word_1_89' title='bbox 419 1470 506 1520; x_wconf 85' lang='lat' dir='ltr'>terra</span> <span class='ocrx_word' id='word_1_90' title='bbox 524 1457 564 1521; x_wconf 88' lang='lat' dir='ltr'>ita</span> <span class='ocrx_word' id='word_1_91' title='bbox 579 1449 776 1543; x_wconf 70' lang='lat' dir='ltr'>conjuntla,</span> <span class='ocrx_word' id='word_1_92' title='bbox 801 1471 836 1521; x_wconf 92' lang='lat' dir='ltr'>ut</span> <span class='ocrx_word' id='word_1_93' title='bbox 852 1454 914 1522; x_wconf 82' lang='lat' dir='ltr'>liae</span> <span class='ocrx_word' id='word_1_94' title='bbox 930 1448 1051 1525; x_wconf 88' lang='lat' dir='ltr'>sublata</span> <span class='ocrx_word' id='word_1_95' title='bbox 1067 1452 1162 1525; x_wconf 83' lang='lat' dir='ltr'>sunul</span> <span class='ocrx_word' id='word_1_96' title='bbox 1180 1450 1410 1544; x_wconf 86' lang='lat' dir='ltr'>evanescerct;</span> <span class='ocrx_word' id='word_1_97' title='bbox 1462 1480 1538 1553; x_wconf 87' lang='lat' dir='ltr'>per·</span> 
     </span>
     <span class='ocr_line' id='line_1_11' title="bbox 186 1546 1536 1653; baseline -0.001 -27"><span class='ocrx_word' id='word_1_98' title='bbox 186 1552 267 1626; x_wconf 89' lang='lat' dir='ltr'>inde</span> <span class='ocrx_word' id='word_1_99' title='bbox 295 1558 394 1651; x_wconf 85' lang='lat' dir='ltr'>igitur</span> <span class='ocrx_word' id='word_1_100' title='bbox 416 1546 515 1648; x_wconf 75' lang='lat' dir='ltr'>ellat,</span> <span class='ocrx_word' id='word_1_101' title='bbox 539 1579 575 1623; x_wconf 87' lang='lat' dir='ltr'>ac</span> <span class='ocrx_word' id='word_1_102' title='bbox 604 1548 628 1621; x_wconf 83' lang='lat' dir='ltr'>fi</span> <span class='ocrx_word' id='word_1_103' title='bbox 656 1546 787 1648; x_wconf 83' lang='lat' dir='ltr'>spiritus</span> <span class='ocrx_word' id='word_1_104' title='bbox 816 1550 952 1653; x_wconf 87' lang='lat' dir='ltr'>quidam</span> <span class='ocrx_word' id='word_1_105' title='bbox 981 1580 1124 1653; x_wconf 88' lang='lat' dir='ltr'>corpora</span> <span class='ocrx_word' id='word_1_106' title='bbox 1147 1550 1305 1626; x_wconf 88' lang='lat' dir='ltr'>deorsum</span> <span class='ocrx_word' id='word_1_107' title='bbox 1330 1560 1536 1647; x_wconf 78' lang='lat' dir='ltr'>concitaret5</span> 
     </span>
     <span class='ocr_line' id='line_1_12' title="bbox 186 1647 1539 1757; baseline 0.001 -32"><span class='ocrx_word' id='word_1_108' title='bbox 186 1649 368 1757; x_wconf 91' lang='lat' dir='ltr'>quomodo</span> <span class='ocrx_word' id='word_1_109' title='bbox 392 1658 482 1723; x_wconf 89' lang='lat' dir='ltr'>enim</span> <span class='ocrx_word' id='word_1_110' title='bbox 501 1653 597 1725; x_wconf 84' lang='lat' dir='ltr'>aliter</span> <span class='ocrx_word' id='word_1_111' title='bbox 619 1656 667 1722; x_wconf 83' lang='lat' dir='ltr'>vis</span> <span class='ocrx_word' id='word_1_112' title='bbox 690 1647 757 1723; x_wconf 87' lang='lat' dir='ltr'>sese</span> <span class='ocrx_word' id='word_1_113' title='bbox 778 1676 796 1720; x_wconf 89' lang='lat' dir='ltr'>a</span> <span class='ocrx_word' id='word_1_114' title='bbox 820 1675 906 1725; x_wconf 88' lang='lat' dir='ltr'>terra</span> <span class='ocrx_word' id='word_1_115' title='bbox 931 1681 990 1751; x_wconf 90' lang='lat' dir='ltr'>per</span> <span class='ocrx_word' id='word_1_116' title='bbox 1008 1654 1204 1754; x_wconf 84' lang='lat' dir='ltr'>longinquas</span> <span class='ocrx_word' id='word_1_117' title='bbox 1220 1654 1384 1727; x_wconf 80' lang='lat' dir='ltr'>dillantias</span> <span class='ocrx_word' id='word_1_118' title='bbox 1399 1655 1467 1725; x_wconf 82' lang='lat' dir='ltr'>line</span> <span class='ocrx_word' id='word_1_119' title='bbox 1482 1654 1539 1726; x_wconf 88' lang='lat' dir='ltr'>ad·</span> 
     </span>
     <span class='ocr_line' id='line_1_13' title="bbox 187 1751 1539 1858; baseline -0.004 -28"><span class='ocrx_word' id='word_1_120' title='bbox 187 1754 353 1830; x_wconf 87' lang='lat' dir='ltr'>miniculo</span> <span class='ocrx_word' id='word_1_121' title='bbox 369 1760 561 1855; x_wconf 90' lang='lat' dir='ltr'>cujusquam</span> <span class='ocrx_word' id='word_1_122' title='bbox 578 1760 736 1826; x_wconf 88' lang='lat' dir='ltr'>materiae</span> <span class='ocrx_word' id='word_1_123' title='bbox 750 1760 973 1848; x_wconf 83' lang='lat' dir='ltr'>interjacentis</span> <span class='ocrx_word' id='word_1_124' title='bbox 994 1751 1181 1858; x_wconf 70' lang='lat' dir='ltr'>propagare</span> <span class='ocrx_word' id='word_1_125' title='bbox 1202 1752 1318 1854; x_wconf 81' lang='lat' dir='ltr'>pollit,</span> <span class='ocrx_word' id='word_1_126' title='bbox 1346 1754 1439 1827; x_wconf 92' lang='lat' dir='ltr'>nullo</span> <span class='ocrx_word' id='word_1_127' title='bbox 1464 1784 1539 1826; x_wconf 77' lang='lat' dir='ltr'>rno-</span> 
     </span>
     <span class='ocr_line' id='line_1_14' title="bbox 188 1854 1538 1959; baseline -0.001 -29"><span class='ocrx_word' id='word_1_128' title='bbox 188 1856 237 1930; x_wconf 93' lang='lat' dir='ltr'>do</span> <span class='ocrx_word' id='word_1_129' title='bbox 251 1854 437 1955; x_wconf 87' lang='lat' dir='ltr'>intelligere</span> <span class='ocrx_word' id='word_1_130' title='bbox 456 1855 546 1932; x_wconf 86' lang='lat' dir='ltr'>licet.</span> <span class='ocrx_word' id='word_1_131' title='bbox 603 1859 708 1955; x_wconf 82' lang='lat' dir='ltr'>Finge</span> <span class='ocrx_word' id='word_1_132' title='bbox 734 1862 824 1927; x_wconf 87' lang='lat' dir='ltr'>enim</span> <span class='ocrx_word' id='word_1_133' title='bbox 852 1855 920 1930; x_wconf 93' lang='lat' dir='ltr'>duo</span> <span class='ocrx_word' id='word_1_134' title='bbox 945 1886 1088 1958; x_wconf 88' lang='lat' dir='ltr'>corpora</span> <span class='ocrx_word' id='word_1_135' title='bbox 1110 1862 1187 1931; x_wconf 83' lang='lat' dir='ltr'>Aet</span> <span class='ocrx_word' id='word_1_136' title='bbox 1213 1855 1290 1927; x_wconf 78' lang='lat' dir='ltr'>B&#39;ad</span> <span class='ocrx_word' id='word_1_137' title='bbox 1315 1884 1470 1959; x_wconf 86' lang='lat' dir='ltr'>magnam</span> <span class='ocrx_word' id='word_1_138' title='bbox 1488 1854 1538 1928; x_wconf 91' lang='lat' dir='ltr'>di·</span> 
     </span>
     <span class='ocr_line' id='line_1_15' title="bbox 187 1953 1539 2059; baseline -0.004 -26"><span class='ocrx_word' id='word_1_139' title='bbox 187 1960 338 2033; x_wconf 90' lang='lat' dir='ltr'>llantiam</span> <span class='ocrx_word' id='word_1_140' title='bbox 363 1953 432 2030; x_wconf 87' lang='lat' dir='ltr'>ase</span> <span class='ocrx_word' id='word_1_141' title='bbox 456 1964 601 2030; x_wconf 86' lang='lat' dir='ltr'>invicem</span> <span class='ocrx_word' id='word_1_142' title='bbox 627 1974 774 2044; x_wconf 89' lang='lat' dir='ltr'>remota,</span> <span class='ocrx_word' id='word_1_143' title='bbox 805 1964 893 2033; x_wconf 89' lang='lat' dir='ltr'>inter</span> <span class='ocrx_word' id='word_1_144' title='bbox 919 1986 1002 2059; x_wconf 86' lang='lat' dir='ltr'>quac</span> <span class='ocrx_word' id='word_1_145' title='bbox 1023 1961 1115 2035; x_wconf 90' lang='lat' dir='ltr'>nulla</span> <span class='ocrx_word' id='word_1_146' title='bbox 1162 1960 1234 2031; x_wconf 93' lang='lat' dir='ltr'>lane</span> <span class='ocrx_word' id='word_1_147' title='bbox 1258 1967 1394 2031; x_wconf 82' lang='lat' dir='ltr'>materia</span> <span class='ocrx_word' id='word_1_148' title='bbox 1412 1958 1539 2057; x_wconf 75' lang='lat' dir='ltr'>existat,</span> 
     </span>
     <span class='ocr_line' id='line_1_16' title="bbox 187 1988 1536 2164; baseline -0.001 -31"><span class='ocrx_word' id='word_1_149' title='bbox 187 2082 287 2163; x_wconf 87' lang='lat' dir='ltr'>atque</span> <span class='ocrx_word' id='word_1_150' title='bbox 306 2068 393 2133; x_wconf 87' lang='lat' dir='ltr'>circa</span> <span class='ocrx_word' id='word_1_151' title='bbox 412 2085 532 2157; x_wconf 89' lang='lat' dir='ltr'>corpus</span> <span class='ocrx_word' id='word_1_152' title='bbox 551 2062 581 2130; x_wconf 84' lang='lat' dir='ltr'>A</span> <span class='ocrx_word' id='word_1_153' title='bbox 598 2058 681 2130; x_wconf 89' lang='lat' dir='ltr'>nihil</span> <span class='ocrx_word' id='word_1_154' title='bbox 699 2063 839 2131; x_wconf 87' lang='lat' dir='ltr'>omniuo</span> <span class='ocrx_word' id='word_1_155' title='bbox 854 2062 978 2149; x_wconf 88' lang='lat' dir='ltr'>aderit,</span> <span class='ocrx_word' id='word_1_156' title='bbox 1004 2065 1097 2164; x_wconf 91' lang='lat' dir='ltr'>qnod</span> <span class='ocrx_word' id='word_1_157' title='bbox 1112 1988 1158 2134; x_wconf 79' lang='lat' dir='ltr'>ad</span> <span class='ocrx_word' id='word_1_158' title='bbox 1175 2087 1297 2159; x_wconf 87' lang='lat' dir='ltr'>corpus</span> <span class='ocrx_word' id='word_1_159' title='bbox 1313 2066 1337 2133; x_wconf 89' lang='lat' dir='ltr'>B</span> <span class='ocrx_word' id='word_1_160' title='bbox 1353 2067 1536 2161; x_wconf 56' lang='lat' dir='ltr'>pertineam</span> 
     </span>
     <span class='ocr_line' id='line_1_17' title="bbox 187 2158 1538 2262; baseline -0.001 -27"><span class='ocrx_word' id='word_1_161' title='bbox 187 2190 231 2236; x_wconf 87' lang='lat' dir='ltr'>ne</span> <span class='ocrx_word' id='word_1_162' title='bbox 256 2167 497 2262; x_wconf 85' lang='lat' dir='ltr'>nequicquam</span> <span class='ocrx_word' id='word_1_163' title='bbox 520 2168 554 2232; x_wconf 91' lang='lat' dir='ltr'>in</span> <span class='ocrx_word' id='word_1_164' title='bbox 583 2187 727 2261; x_wconf 87' lang='lat' dir='ltr'>corpore</span> <span class='ocrx_word' id='word_1_165' title='bbox 757 2165 786 2231; x_wconf 79' lang='lat' dir='ltr'>A</span> <span class='ocrx_word' id='word_1_166' title='bbox 823 2164 1022 2252; x_wconf 79' lang='lat' dir='ltr'>mutabitur,</span> <span class='ocrx_word' id='word_1_167' title='bbox 1050 2162 1176 2237; x_wconf 78' lang='lat' dir='ltr'>etiamsi</span> <span class='ocrx_word' id='word_1_168' title='bbox 1204 2191 1326 2262; x_wconf 85' lang='lat' dir='ltr'>corpus</span> <span class='ocrx_word' id='word_1_169' title='bbox 1352 2168 1376 2234; x_wconf 88' lang='lat' dir='ltr'>B</span> <span class='ocrx_word' id='word_1_170' title='bbox 1401 2158 1538 2262; x_wconf 73' lang='lat' dir='ltr'>prorsus</span> 
     </span>
     <span class='ocr_line' id='line_1_18' title="bbox 188 2192 1538 2365; baseline 0.003 -29"><span class='ocrx_word' id='word_1_171' title='bbox 188 2192 344 2351; x_wconf 88' lang='lat' dir='ltr'>tollatur,</span> <span class='ocrx_word' id='word_1_172' title='bbox 370 2290 408 2334; x_wconf 85' lang='lat' dir='ltr'>ex</span> <span class='ocrx_word' id='word_1_173' title='bbox 439 2291 508 2365; x_wconf 89' lang='lat' dir='ltr'>quo</span> <span class='ocrx_word' id='word_1_174' title='bbox 534 2259 728 2356; x_wconf 87' lang='lat' dir='ltr'>hujusmodi</span> <span class='ocrx_word' id='word_1_175' title='bbox 757 2262 884 2336; x_wconf 82' lang='lat' dir='ltr'>emillio</span> <span class='ocrx_word' id='word_1_176' title='bbox 914 2271 1037 2337; x_wconf 88' lang='lat' dir='ltr'>virium</span> <span class='ocrx_word' id='word_1_177' title='bbox 1053 2269 1177 2339; x_wconf 85' lang='lat' dir='ltr'>rationi</span> <span class='ocrx_word' id='word_1_178' title='bbox 1202 2272 1369 2336; x_wconf 89' lang='lat' dir='ltr'>contraria</span> <span class='ocrx_word' id='word_1_179' title='bbox 1393 2264 1538 2340; x_wconf 82' lang='lat' dir='ltr'>videtur.</span> 
     </span>
     <span class='ocr_line' id='line_1_19' title="bbox 189 2362 1537 2469; baseline -0.001 -30"><span class='ocrx_word' id='word_1_180' title='bbox 189 2369 279 2457; x_wconf 90' lang='lat' dir='ltr'>Quin</span> <span class='ocrx_word' id='word_1_181' title='bbox 294 2370 406 2465; x_wconf 86' lang='lat' dir='ltr'>potius</span> <span class='ocrx_word' id='word_1_182' title='bbox 421 2370 553 2437; x_wconf 87' lang='lat' dir='ltr'>veritati</span> <span class='ocrx_word' id='word_1_183' title='bbox 570 2362 829 2439; x_wconf 85' lang='lat' dir='ltr'>consentaneum</span> <span class='ocrx_word' id='word_1_184' title='bbox 846 2366 909 2453; x_wconf 84' lang='lat' dir='ltr'>cll,</span> <span class='ocrx_word' id='word_1_185' title='bbox 934 2372 1001 2437; x_wconf 88' lang='lat' dir='ltr'>vim</span> <span class='ocrx_word' id='word_1_186' title='bbox 1022 2372 1195 2469; x_wconf 86' lang='lat' dir='ltr'>gravitatis</span> <span class='ocrx_word' id='word_1_187' title='bbox 1214 2368 1254 2437; x_wconf 87' lang='lat' dir='ltr'>ab</span> <span class='ocrx_word' id='word_1_188' title='bbox 1276 2368 1407 2439; x_wconf 71' lang='lat' dir='ltr'>aclione</span> <span class='ocrx_word' id='word_1_189' title='bbox 1428 2374 1537 2460; x_wconf 87' lang='lat' dir='ltr'>cujus·</span> 
     </span>
     <span class='ocr_line' id='line_1_20' title="bbox 187 2461 1536 2570; baseline -0.002 -30"><span class='ocrx_word' id='word_1_190' title='bbox 187 2474 278 2570; x_wconf 88' lang='lat' dir='ltr'>piam</span> <span class='ocrx_word' id='word_1_191' title='bbox 298 2469 456 2539; x_wconf 87' lang='lat' dir='ltr'>materiae</span> <span class='ocrx_word' id='word_1_192' title='bbox 474 2464 598 2539; x_wconf 80' lang='lat' dir='ltr'>subtilis</span> <span class='ocrx_word' id='word_1_193' title='bbox 614 2462 722 2537; x_wconf 88' lang='lat' dir='ltr'>sensus</span> <span class='ocrx_word' id='word_1_194' title='bbox 737 2466 869 2539; x_wconf 83' lang='lat' dir='ltr'>nollroa</span> <span class='ocrx_word' id='word_1_195' title='bbox 885 2461 1067 2568; x_wconf 87' lang='lat' dir='ltr'>effugiente</span> <span class='ocrx_word' id='word_1_196' title='bbox 1083 2475 1187 2559; x_wconf 85' lang='lat' dir='ltr'>oriri;</span> <span class='ocrx_word' id='word_1_197' title='bbox 1214 2469 1336 2540; x_wconf 84' lang='lat' dir='ltr'>etiamli</span> <span class='ocrx_word' id='word_1_198' title='bbox 1354 2476 1442 2541; x_wconf 89' lang='lat' dir='ltr'>caim</span> <span class='ocrx_word' id='word_1_199' title='bbox 1459 2492 1536 2538; x_wconf 88' lang='lat' dir='ltr'>mo·</span> 
     </span>
     <span class='ocr_line' id='line_1_21' title="bbox 187 2566 1535 2671; baseline -0.004 -28"><span class='ocrx_word' id='word_1_200' title='bbox 187 2571 288 2658; x_wconf 87' lang='lat' dir='ltr'>dum,</span> <span class='ocrx_word' id='word_1_201' title='bbox 314 2595 383 2671; x_wconf 90' lang='lat' dir='ltr'>quo</span> <span class='ocrx_word' id='word_1_202' title='bbox 399 2568 469 2640; x_wconf 91' lang='lat' dir='ltr'>talis</span> <span class='ocrx_word' id='word_1_203' title='bbox 486 2576 534 2641; x_wconf 78' lang='lat' dir='ltr'>vit</span> <span class='ocrx_word' id='word_1_204' title='bbox 550 2566 814 2667; x_wconf 81' lang='lat' dir='ltr'><strong>produceretur,</strong></span> <span class='ocrx_word' id='word_1_205' title='bbox 842 2568 1029 2644; x_wconf 86' lang='lat' dir='ltr'>luculenter</span> <span class='ocrx_word' id='word_1_206' title='bbox 1045 2571 1230 2644; x_wconf 81' lang='lat' dir='ltr'>monstrare</span> <span class='ocrx_word' id='word_1_207' title='bbox 1245 2598 1314 2642; x_wconf 91' lang='lat' dir='ltr'>nou</span> <span class='ocrx_word' id='word_1_208' title='bbox 1327 2568 1442 2643; x_wconf 86' lang='lat' dir='ltr'>liceret</span> <span class='ocrx_word' id='word_1_209' title='bbox 1440 2622 1460 2661; x_wconf 50' lang='lat'><em>4</em></span> <span class='ocrx_word' id='word_1_210' title='bbox 1486 2588 1535 2639; x_wconf 90' lang='lat' dir='ltr'>ta·</span> 
     </span>
     <span class='ocr_line' id='line_1_22' title="bbox 187 2668 1532 2770; baseline -0.007 -23"><span class='ocrx_word' id='word_1_211' title='bbox 187 2700 268 2747; x_wconf 82' lang='lat' dir='ltr'>uren</span> <span class='ocrx_word' id='word_1_212' title='bbox 285 2671 326 2744; x_wconf 88' lang='lat' dir='ltr'>ad</span> <span class='ocrx_word' id='word_1_213' title='bbox 340 2668 530 2763; x_wconf 85' lang='lat' dir='ltr'>hujusmodi</span> <span class='ocrx_word' id='word_1_214' title='bbox 545 2671 717 2765; x_wconf 84' lang='lat' dir='ltr'>qualitates</span> <span class='ocrx_word' id='word_1_215' title='bbox 735 2670 881 2741; x_wconf 89' lang='lat' dir='ltr'>occultas</span> <span class='ocrx_word' id='word_1_216' title='bbox 896 2670 1081 2770; x_wconf 80' lang='lat' dir='ltr'>confugere</span> <span class='ocrx_word' id='word_1_217' title='bbox 1101 2678 1240 2741; x_wconf 87' lang='lat' dir='ltr'>minime</span> <span class='ocrx_word' id='word_1_218' title='bbox 1257 2671 1401 2743; x_wconf 80' lang='lat' dir='ltr'>deceret.</span> <span class='ocrx_word' id='word_1_219' title='bbox 1465 2674 1532 2739; x_wconf 90' lang='lat' dir='ltr'>Ve-</span> 
     </span>
     <span class='ocr_line' id='line_1_23' title="bbox 188 2763 1532 2863; baseline -0.005 -16"><span class='ocrx_word' id='word_1_220' title='bbox 188 2803 267 2848; x_wconf 92' lang='lat' dir='ltr'>rum</span> <span class='ocrx_word' id='word_1_221' title='bbox 293 2780 327 2842; x_wconf 91' lang='lat' dir='ltr'>iu</span> <span class='ocrx_word' id='word_1_222' title='bbox 351 2768 461 2839; x_wconf 78' lang='lat' dir='ltr'>lluiclis</span> <span class='ocrx_word' id='word_1_223' title='bbox 486 2768 649 2855; x_wconf 73' lang='lat' dir='ltr'>ejustnodi</span> <span class='ocrx_word' id='word_1_224' title='bbox 679 2773 765 2835; x_wconf 87' lang='lat' dir='ltr'>vires</span> <span class='ocrx_word' id='word_1_225' title='bbox 791 2772 874 2836; x_wconf 92' lang='lat' dir='ltr'>oriri</span> <span class='ocrx_word' id='word_1_226' title='bbox 892 2763 996 2863; x_wconf 78' lang='lat' dir='ltr'>polle,</span> <span class='ocrx_word' id='word_1_227' title='bbox 1011 2779 1044 2840; x_wconf 92' lang='lat' dir='ltr'>in</span> <span class='ocrx_word' id='word_1_228' title='bbox 1063 2769 1362 2862; x_wconf 83' lang='lat' dir='ltr'>Hydrodynamica</span> <span class='ocrx_word' id='word_1_229' title='bbox 1379 2768 1532 2841; x_wconf 83' lang='lat' dir='ltr'>docetur.</span> 
     </span>
     <span class='ocr_line' id='line_1_24' title="bbox 188 2863 1532 2971; baseline -0.004 -28"><span class='ocrx_word' id='word_1_230' title='bbox 188 2870 336 2971; x_wconf 83' lang='lat' dir='ltr'>Quando</span> <span class='ocrx_word' id='word_1_231' title='bbox 352 2887 462 2939; x_wconf 89' lang='lat' dir='ltr'>autem</span> <span class='ocrx_word' id='word_1_232' title='bbox 478 2863 621 2937; x_wconf 86' lang='lat' dir='ltr'>fautores</span> <span class='ocrx_word' id='word_1_233' title='bbox 645 2865 850 2937; x_wconf 78' lang='lat' dir='ltr'>attradlionis</span> <span class='ocrx_word' id='word_1_234' title='bbox 866 2865 992 2967; x_wconf 77' lang='lat' dir='ltr'>dicun,</span> <span class='ocrx_word' id='word_1_235' title='bbox 1015 2874 1119 2943; x_wconf 90' lang='lat' dir='ltr'>aDeo</span> <span class='ocrx_word' id='word_1_236' title='bbox 1145 2867 1281 2941; x_wconf 88' lang='lat' dir='ltr'>Telluri</span> <span class='ocrx_word' id='word_1_237' title='bbox 1305 2867 1532 2941; x_wconf 75' lang='lat' dir='ltr'>vimattradli-</span> 
     </span>
     <span class='ocr_line' id='line_1_25' title="bbox 188 2964 1532 3071; baseline -0.002 -25"><span class='ocrx_word' id='word_1_238' title='bbox 188 3002 267 3046; x_wconf 86' lang='lat' dir='ltr'>vam</span> <span class='ocrx_word' id='word_1_239' title='bbox 281 2967 345 3044; x_wconf 80' lang='lat' dir='ltr'>elle</span> <span class='ocrx_word' id='word_1_240' title='bbox 362 2964 501 3040; x_wconf 89' lang='lat' dir='ltr'>inditam</span> <span class='ocrx_word' id='word_1_241' title='bbox 516 3026 526 3063; x_wconf 81' lang='lat'>,</span> <span class='ocrx_word' id='word_1_242' title='bbox 547 2967 632 3039; x_wconf 87' lang='lat' dir='ltr'>nihil</span> <span class='ocrx_word' id='word_1_243' title='bbox 650 2966 736 3039; x_wconf 91' lang='lat' dir='ltr'>aliud</span> <span class='ocrx_word' id='word_1_244' title='bbox 754 2964 890 3064; x_wconf 81' lang='lat' dir='ltr'>dicunt,</span> <span class='ocrx_word' id='word_1_245' title='bbox 913 2969 974 3042; x_wconf 81' lang='lat' dir='ltr'>uisi</span> <span class='ocrx_word' id='word_1_246' title='bbox 991 2998 1135 3071; x_wconf 90' lang='lat' dir='ltr'>corpora</span> <span class='ocrx_word' id='word_1_247' title='bbox 1148 2972 1187 3043; x_wconf 88' lang='lat' dir='ltr'>ab</span> <span class='ocrx_word' id='word_1_248' title='bbox 1206 2968 1284 3070; x_wconf 77' lang='lat' dir='ltr'>Ipso</span> <span class='ocrx_word' id='word_1_249' title='bbox 1307 2976 1383 3045; x_wconf 87' lang='lat' dir='ltr'>Deo</span> <span class='ocrx_word' id='word_1_250' title='bbox 1412 2974 1532 3043; x_wconf 87' lang='lat' dir='ltr'>irntue·</span> 
     </span>
    </p>
   </div>
   <div class='ocr_carea' id='block_1_3' title="bbox 185 3066 1534 3282">
    <p class='ocr_par' dir='ltr' id='par_1_3' title="bbox 185 3066 1534 3282">
     <span class='ocr_line' id='line_1_26' title="bbox 185 3066 1534 3177; baseline -0.005 -26"><span class='ocrx_word' id='word_1_251' title='bbox 185 3077 275 3151; x_wconf 87' lang='lat' dir='ltr'>diate</span> <span class='ocrx_word' id='word_1_252' title='bbox 291 3094 414 3146; x_wconf 84' lang='lat' dir='ltr'>terrain</span> <span class='ocrx_word' id='word_1_253' title='bbox 434 3066 545 3141; x_wconf 84' lang='lat' dir='ltr'>versus</span> <span class='ocrx_word' id='word_1_254' title='bbox 561 3069 698 3167; x_wconf 84' lang='lat' dir='ltr'>impelli.</span> <span class='ocrx_word' id='word_1_255' title='bbox 758 3070 1002 3168; x_wconf 87' lang='lat' dir='ltr'>Perpendamus</span> <span class='ocrx_word' id='word_1_256' title='bbox 1028 3100 1112 3177; x_wconf 84' lang='lat' dir='ltr'>ergo</span> <span class='ocrx_word' id='word_1_257' title='bbox 1133 3078 1169 3145; x_wconf 88' lang='lat' dir='ltr'>in</span> <span class='ocrx_word' id='word_1_258' title='bbox 1190 3099 1317 3175; x_wconf 85' lang='lat' dir='ltr'>genere</span> <span class='ocrx_word' id='word_1_259' title='bbox 1338 3068 1534 3149; x_wconf 78' lang='lat' dir='ltr'>descensum</span> 
     </span>
     <span class='ocr_line' id='line_1_27' title="bbox 186 3166 956 3282; baseline -0.012 -29"><span class='ocrx_word' id='word_1_260' title='bbox 186 3174 379 3282; x_wconf 87' lang='lat' dir='ltr'>corpusculi</span> <span class='ocrx_word' id='word_1_261' title='bbox 396 3198 413 3243; x_wconf 91' lang='lat' dir='ltr'>a</span> <span class='ocrx_word' id='word_1_262' title='bbox 427 3176 589 3273; x_wconf 85' lang='lat' dir='ltr'>gravitate</span> <span class='ocrx_word' id='word_1_263' title='bbox 605 3166 761 3245; x_wconf 90' lang='lat' dir='ltr'>deorsum</span> <span class='ocrx_word' id='word_1_264' title='bbox 775 3166 956 3252; x_wconf 84' lang='lat' dir='ltr'>sollicitati.</span> 
     </span>
    </p>
   </div>
   <div class='ocr_carea' id='block_1_4' title="bbox 663 3350 1063 3425">
    <p class='ocr_par' dir='ltr' id='par_1_4' title="bbox 663 3350 1063 3425">
     <span class='ocr_line' id='line_1_28' title="bbox 663 3350 1063 3425; baseline 0.008 -5"><span class='ocrx_word' id='word_1_265' title='bbox 663 3350 960 3425; x_wconf 83' lang='lat' dir='ltr'><em>PROBLEMA.</em></span> <span class='ocrx_word' id='word_1_266' title='bbox 1018 3370 1063 3424; x_wconf 79' lang='lat' dir='ltr'>ra.</span> 
     </span>
    </p>
   </div>
   <div class='ocr_carea' id='block_1_5' title="bbox 186 3492 1533 3819">
    <p class='ocr_par' dir='ltr' id='par_1_5' title="bbox 186 3492 1533 3819">
     <span class='ocr_line' id='line_1_29' title="bbox 287 3492 1533 3613; baseline -0.012 -21"><span class='ocrx_word' id='word_1_267' title='bbox 287 3531 349 3606; x_wconf 84' lang='lat'>185.</span> <span class='ocrx_word' id='word_1_268' title='bbox 372 3516 405 3585; x_wconf 90' lang='lat' dir='ltr'>Si</span> <span class='ocrx_word' id='word_1_269' title='bbox 421 3492 658 3613; x_wconf 81' lang='lat' dir='ltr'>corpmculum</span> <span class='ocrx_word' id='word_1_270' title='bbox 677 3518 839 3585; x_wconf 90' lang='lat' dir='ltr'>continuo</span> <span class='ocrx_word' id='word_1_271' title='bbox 861 3508 1018 3585; x_wconf 88' lang='lat' dir='ltr'>deorsum</span> <span class='ocrx_word' id='word_1_272' title='bbox 1044 3508 1242 3586; x_wconf 84' lang='lat' dir='ltr'>sollicitetur</span> <span class='ocrx_word' id='word_1_273' title='bbox 1261 3515 1327 3582; x_wconf 85' lang='lat' dir='ltr'>aui</span> <span class='ocrx_word' id='word_1_274' title='bbox 1352 3506 1533 3593; x_wconf 79' lang='lat' dir='ltr'>conflante,</span> 
     </span>
     <span class='ocr_line' id='line_1_30' title="bbox 186 3610 1533 3717; baseline -0.01 -26"><span class='ocrx_word' id='word_1_275' title='bbox 186 3628 384 3716; x_wconf 86' lang='lat' dir='ltr'>motumque</span> <span class='ocrx_word' id='word_1_276' title='bbox 399 3642 417 3687; x_wconf 94' lang='lat' dir='ltr'>a</span> <span class='ocrx_word' id='word_1_277' title='bbox 432 3623 544 3717; x_wconf 89' lang='lat' dir='ltr'>quiete</span> <span class='ocrx_word' id='word_1_278' title='bbox 559 3621 712 3714; x_wconf 84' lang='lat' dir='ltr'>incipiat,</span> <span class='ocrx_word' id='word_1_279' title='bbox 749 3610 789 3685; x_wconf 85' lang='lat' dir='ltr'>ad</span> <span class='ocrx_word' id='word_1_280' title='bbox 815 3611 928 3685; x_wconf 88' lang='lat' dir='ltr'>datum</span> <span class='ocrx_word' id='word_1_281' title='bbox 951 3634 1082 3713; x_wconf 85' lang='lat' dir='ltr'>tempus</span> <span class='ocrx_word' id='word_1_282' title='bbox 1103 3612 1315 3689; x_wconf 82' lang='lat' dir='ltr'>altitudinem</span> <span class='ocrx_word' id='word_1_283' title='bbox 1331 3610 1533 3706; x_wconf 71' lang='lat' dir='ltr'>confestam,</span> 
     </span>
     <span class='ocr_line' id='line_1_31' title="bbox 188 3713 1062 3819; baseline -0.006 -24"><span class='ocrx_word' id='word_1_284' title='bbox 188 3738 222 3795; x_wconf 88' lang='lat' dir='ltr'>et</span> <span class='ocrx_word' id='word_1_285' title='bbox 237 3718 444 3795; x_wconf 80' lang='lat' dir='ltr'>celeritatem</span> <span class='ocrx_word' id='word_1_286' title='bbox 463 3744 565 3819; x_wconf 90' lang='lat' dir='ltr'>quam</span> <span class='ocrx_word' id='word_1_287' title='bbox 581 3715 802 3819; x_wconf 82' lang='lat' dir='ltr'>acquisiverit,</span> <span class='ocrx_word' id='word_1_288' title='bbox 826 3713 1062 3790; x_wconf 84' lang='lat' dir='ltr'>determinare.</span> 
     </span>
    </p>
   </div>
   <div class='ocr_carea' id='block_1_6' title="bbox 718 3895 999 3968">
    <p class='ocr_par' dir='ltr' id='par_1_6' title="bbox 718 3895 999 3968">
     <span class='ocr_line' id='line_1_32' title="bbox 718 3895 999 3968; baseline -0.007 0"><span class='ocrx_word' id='word_1_289' title='bbox 718 3895 999 3968; x_wconf 74' lang='lat' dir='ltr'>sutorio.</span> 
     </span>
    </p>
   </div>
   <div class='ocr_carea' id='block_1_7' title="bbox 187 4050 1690 4334">
    <p class='ocr_par' dir='ltr' id='par_1_7' title="bbox 187 4050 1690 4334">
     <span class='ocr_line' id='line_1_33' title="bbox 272 4050 1690 4160; baseline -0.003 -27"><span class='ocrx_word' id='word_1_290' title='bbox 272 4062 336 4135; x_wconf 85' lang='lat' dir='ltr'>¹Sit</span> <span class='ocrx_word' id='word_1_291' title='bbox 359 4064 387 4133; x_wconf 79' lang='lat' dir='ltr'>A</span> <span class='ocrx_word' id='word_1_292' title='bbox 408 4056 506 4133; x_wconf 77' lang='lat' dir='ltr'>malla</span> <span class='ocrx_word' id='word_1_293' title='bbox 529 4056 738 4159; x_wconf 87' lang='lat' dir='ltr'>corpusculi,</span> <span class='ocrx_word' id='word_1_294' title='bbox 760 4056 852 4160; x_wconf 89' lang='lat' dir='ltr'>quod</span> <span class='ocrx_word' id='word_1_295' title='bbox 867 4066 1015 4160; x_wconf 90' lang='lat' dir='ltr'>primum</span> <span class='ocrx_word' id='word_1_296' title='bbox 1032 4064 1067 4130; x_wconf 91' lang='lat' dir='ltr'>in</span> <span class='ocrx_word' id='word_1_297' title='bbox 1083 4060 1112 4129; x_wconf 80' lang='lat' dir='ltr'>A</span> <span class='ocrx_word' id='word_1_298' title='bbox 1130 4062 1306 4157; x_wconf 68' lang='lat' dir='ltr'>quieverit,</span> <span class='ocrx_word' id='word_1_299' title='bbox 1322 4050 1412 4133; x_wconf 85' lang='lat' dir='ltr'>unde</span> <span class='ocrx_word' id='word_1_300' title='bbox 1427 4060 1534 4129; x_wconf 89' lang='lat' dir='ltr'>conti·</span> <span class='ocrx_word' id='word_1_301' title='bbox 1558 4056 1690 4159; x_wconf 82' lang='lat' dir='ltr'>Fig.17.</span> 
     </span>
     <span class='ocr_line' id='line_1_34' title="bbox 187 4158 1535 4334; baseline -0.007 -96"><span class='ocrx_word' id='word_1_302' title='bbox 187 4190 258 4238; x_wconf 90' lang='lat' dir='ltr'>nuo</span> <span class='ocrx_word' id='word_1_303' title='bbox 272 4158 431 4237; x_wconf 88' lang='lat' dir='ltr'>deorsum</span> <span class='ocrx_word' id='word_1_304' title='bbox 449 4184 607 4265; x_wconf 86' lang='lat' dir='ltr'>urgeatur</span> <span class='ocrx_word' id='word_1_305' title='bbox 622 4188 639 4231; x_wconf 93' lang='lat' dir='ltr'>a</span> <span class='ocrx_word' id='word_1_306' title='bbox 654 4166 687 4232; x_wconf 91' lang='lat' dir='ltr'>vi</span> <span class='ocrx_word' id='word_1_307' title='bbox 702 4162 871 4235; x_wconf 86' lang='lat' dir='ltr'>conllante</span> <span class='ocrx_word' id='word_1_308' title='bbox 890 4185 980 4334; x_wconf 46' lang='grc' dir='ltr'>εἴ,</span> <span class='ocrx_word' id='word_1_309' title='bbox 1006 4167 1098 4254; x_wconf 86' lang='lat' dir='ltr'>cujus</span> <span class='ocrx_word' id='word_1_310' title='bbox 1117 4161 1248 4234; x_wconf 73' lang='lat' dir='ltr'>actione</span> <span class='ocrx_word' id='word_1_311' title='bbox 1266 4169 1406 4237; x_wconf 82' lang='lat' dir='ltr'>remotis</span> <span class='ocrx_word' id='word_1_312' title='bbox 1425 4164 1535 4232; x_wconf 89' lang='lat' dir='ltr'>omni·</span> 
     </span>
    </p>
   </div>
   <div class='ocr_carea' id='block_1_8' title="bbox 187 4257 1537 4574">
    <p class='ocr_par' dir='ltr' id='par_1_8' title="bbox 187 4257 1537 4574">
     <span class='ocr_line' id='line_1_35' title="bbox 187 4257 1537 4366; baseline -0.009 -24"><span class='ocrx_word' id='word_1_313' title='bbox 187 4268 249 4342; x_wconf 89' lang='lat' dir='ltr'>bus</span> <span class='ocrx_word' id='word_1_314' title='bbox 264 4264 434 4338; x_wconf 86' lang='lat' dir='ltr'>obllaculis</span> <span class='ocrx_word' id='word_1_315' title='bbox 449 4292 511 4366; x_wconf 89' lang='lat' dir='ltr'>per</span> <span class='ocrx_word' id='word_1_316' title='bbox 526 4264 649 4338; x_wconf 87' lang='lat' dir='ltr'>lineam</span> <span class='ocrx_word' id='word_1_317' title='bbox 664 4264 789 4336; x_wconf 83' lang='lat' dir='ltr'>ret‘lam</span> <span class='ocrx_word' id='word_1_318' title='bbox 806 4269 929 4336; x_wconf 88' lang='lat' dir='ltr'>vertica</span> <span class='ocrx_word' id='word_1_319' title='bbox 946 4288 1000 4335; x_wconf 85' lang='lat' dir='ltr'>ent</span> <span class='ocrx_word' id='word_1_320' title='bbox 1017 4264 1083 4335; x_wconf 83' lang='lat' dir='ltr'>AG</span> <span class='ocrx_word' id='word_1_321' title='bbox 1097 4257 1285 4359; x_wconf 81' lang='lat' dir='ltr'>descendet.</span> <span class='ocrx_word' id='word_1_322' title='bbox 1343 4266 1537 4337; x_wconf 87' lang='lat' dir='ltr'>Pervenerit</span> 
     </span>
     <span class='ocr_line' id='line_1_36' title="bbox 187 4361 1535 4471; baseline -0.01 -26"><span class='ocrx_word' id='word_1_323' title='bbox 187 4394 273 4471; x_wconf 84' lang='lat' dir='ltr'>ergo</span> <span class='ocrx_word' id='word_1_324' title='bbox 294 4362 403 4465; x_wconf 88' lang='lat' dir='ltr'>ela&#39;pso</span> <span class='ocrx_word' id='word_1_325' title='bbox 419 4386 572 4467; x_wconf 79' lang='lat' dir='ltr'>ternpore</span> <span class='ocrx_word' id='word_1_326' title='bbox 585 4400 622 4437; x_wconf 91' lang='lat'><strong>=</strong></span> <span class='ocrx_word' id='word_1_327' title='bbox 636 4387 652 4441; x_wconf 85' lang='lat' dir='ltr'>t</span> <span class='ocrx_word' id='word_1_328' title='bbox 666 4372 700 4437; x_wconf 92' lang='lat' dir='ltr'>in</span> <span class='ocrx_word' id='word_1_329' title='bbox 718 4368 761 4454; x_wconf 87' lang='lat' dir='ltr'>S,</span> <span class='ocrx_word' id='word_1_330' title='bbox 785 4361 938 4441; x_wconf 74' lang='lat' dir='ltr'>confedla</span> <span class='ocrx_word' id='word_1_331' title='bbox 958 4363 1134 4439; x_wconf 81' lang='lat' dir='ltr'>altitudine</span> <span class='ocrx_word' id='word_1_332' title='bbox 1159 4366 1214 4442; x_wconf 75' lang='lat' dir='ltr'>AS</span> <span class='ocrx_word' id='word_1_333' title='bbox 1226 4400 1265 4437; x_wconf 65' lang='grc' dir='ltr'><strong>ε</strong></span> <span class='ocrx_word' id='word_1_334' title='bbox 1278 4394 1314 4458; x_wconf 73' lang='lat'>13</span> <span class='ocrx_word' id='word_1_335' title='bbox 1364 4392 1404 4437; x_wconf 88' lang='lat' dir='ltr'>ac</span> <span class='ocrx_word' id='word_1_336' title='bbox 1424 4361 1535 4436; x_wconf 86' lang='lat' dir='ltr'>sunno</span> 
     </span>
     <span class='ocr_line' id='line_1_37' title="bbox 187 4464 1490 4574; baseline -0.006 -27"><span class='ocrx_word' id='word_1_337' title='bbox 187 4465 543 4574; x_wconf 60' lang='lat' dir='ltr'>temporiselememo</span> <span class='ocrx_word' id='word_1_338' title='bbox 565 4472 591 4547; x_wconf 83' lang='lat' dir='ltr'>d</span> <span class='ocrx_word' id='word_1_339' title='bbox 596 4492 612 4544; x_wconf 85' lang='lat' dir='ltr'>t</span> <span class='ocrx_word' id='word_1_340' title='bbox 632 4470 814 4559; x_wconf 80' lang='lat' dir='ltr'>constante,</span> <span class='ocrx_word' id='word_1_341' title='bbox 832 4475 901 4559; x_wconf 80' lang='lat' dir='ltr'>ejus</span> <span class='ocrx_word' id='word_1_342' title='bbox 922 4470 1125 4571; x_wconf 20' lang='lat' dir='ltr'>motusflhac·</span> <span class='ocrx_word' id='word_1_343' title='bbox 1138 4474 1338 4569; x_wconf 79' lang='lat' dir='ltr'>aequatione</span> <span class='ocrx_word' id='word_1_344' title='bbox 1356 4464 1422 4559; x_wconf 72' lang='lat' dir='ltr'>des</span> <span class='ocrx_word' id='word_1_345' title='bbox 1449 4468 1457 4483; x_wconf 87' lang='lat'>&#39;</span> <span class='ocrx_word' id='word_1_346' title='bbox 1483 4478 1490 4488; x_wconf 87' lang='grc'><strong>’</strong></span> 
     </span>
    </p>
   </div>
   <div class='ocr_carea' id='block_1_9' title="bbox 840 4574 900 4657">
    <p class='ocr_par' dir='ltr' id='par_1_9' title="bbox 840 4574 900 4657">
     <span class='ocr_line' id='line_1_38' title="bbox 840 4574 900 4657; baseline 0 0"><span class='ocrx_word' id='word_1_347' title='bbox 840 4574 900 4657; x_wconf 80' lang='lat'>13</span> 
     </span>
    </p>
   </div>
   <div class='ocr_carea' id='block_1_10' title="bbox 0 0 2052 5134">
    <p class='ocr_par' dir='ltr' id='par_1_10' title="bbox 0 0 2052 5134">
     <span class='ocr_line' id='line_1_39' title="bbox 0 0 2052 5134; baseline 0 0"><span class='ocrx_word' id='word_1_348' title='bbox 0 0 2052 5134; x_wconf 95' lang='lat' dir='ltr'> </span> 
     </span>
    </p>
   </div>
  </div>
 </body>
</html>
