4092 5134
461 344 769 530 morumne
800 364 1117 511 uotroRUM
1144 408 1474 535 atomorum
1504 372 1614 541 nes„
1639 440 1762 553 2³5³

336 614 431 687 aur,
458 589 515 667 sed
540 590 758 667 uniformiter
781 598 897 695 peragi
919 616 1074 697 perget,
1109 599 1201 699 quali
1223 608 1292 677 attic
1319 602 1528 706 quiesceret,
1558 610 1646 689 unde
1671 615 1714 691 ael

346 691 492 797 quodvis
507 715 638 795 tempus
651 691 811 769 facillime
825 692 973 794 patebit,
994 718 1138 800 quantus
1152 706 1292 805 angulus
1308 713 1377 801 jam
1391 715 1480 783 circa
1497 736 1593 786 axem
1610 738 1708 789 motu
1744 785 1750 795 .

344 803 520 897 gyratorio
534 794 637 871 suerit
651 792 845 897 descriptus.
910 797 1006 871 Tota
1032 826 1117 900 ergo
1141 805 1292 905 quaeslio
1316 807 1491 885 reducitur
1514 800 1708 893 admotum
1749 798 1752 803 ι

342 896 619 1002 progresl'tvum,
644 906 758 1001 quiex
779 915 882 985 motu,
898 903 1004 985 centri
1022 904 1162 977 inertiae
1181 904 1331 1004 perfecte
1356 911 1607 1013 cognoscetur,
1630 947 1706 994 cor,

342 1026 406 1099 pus
420 998 545 1091 scilicet
560 1008 605 1075 ita
623 998 878 1099 consideretur„
902 999 995 1101 quali
1018 1021 1090 1075 tota
1110 1011 1179 1099 ejus
1196 1004 1297 1081 malla
1312 1015 1348 1083 in
1364 1032 1482 1087 centro
1496 1022 1640 1097 inertiae
1656 1019 1704 1095 es·
1772 1014 1775 1021 ¹

342 1098 395 1207 set
410 1100 578 1191 collesla,
604 1122 701 1205 atque
718 1130 759 1177 ex
778 1102 929 1190 viribus,
955 1104 1073 1193 ¹,trihus
1099 1115 1221 1206 quovis
1249 1120 1413 1210 temporie
1437 1139 1615 1191 momento
1637 1118 1703 1195 sot.

342 1186 518 1297 licitatur,
543 1212 612 1299 ejus
630 1225 741 1278 motus
759 1198 881 1276 eodem
898 1130 1003 1297 rnodp
1023 1203 1229 1301 definietur,
1281 1236 1327 1283 tto
1349 1236 1482 1289 motum
1496 1222 1702 1318 pundlorum

340 1303 487 1382 liberum
514 1308 678 1378 aviribus
703 1305 887 1407 quibuscun
912 1332 954 1378 ue
978 1303 1237 1387 sollicitatorum
1257 1240 1485 1391 determinare
1509 1319 1705 1396 ἀοσιιίιηιιέι

339 1414 387 1479 ita
404 1428 441 1480 ut
457 1405 662 1506 superfluum
677 1403 769 1480 foret
790 1408 872 1479 haec
889 1332 994 1480 lullus
1018 1406 1189 1512 prosequi,
1252 1418 1342 1486 Cum
1364 1437 1475 1491 autem
1499 1421 1538 1493 ad
1556 1385 1700 1524 quodvis,

340 1529 474 1608 tempus
491 1510 584 1581 locus
602 1515 709 1583 centri
730 1514 871 1583 inertiae
893 1504 997 1583 suerit
1019 1506 1211 1603 definitus,
1236 1524 1338 1591 etiam
1365 1520 1488 1617 positio
1510 1532 1578 1595 axia
1601 1553 1698 1625 gvra-

340 1615 443 1684 tionis
463 1630 496 1686 ct
513 1629 639 1713 quanto
658 1611 781 1714 angulo
797 1636 920 1712 corpus
945 1617 1034 1685 circa
1049 1640 1129 1686 eum
1143 1622 1210 1709 jam
1225 1608 1264 1690 se'
1274 1629 1509 1710 converterit,
1535 1608 1669 1724 patebit.

777 1770 1258 1871 concertatum:

437 1902 512 1990 607.
539 1902 607 1973 Hic
637 1923 721 2000 ergo
746 1916 929 2002 utrumque
959 1919 1094 1973 motum
1120 1909 1166 1975 ita
1193 1900 1331 1978 seorfim
1361 1905 1575 1983 considerare
1604 1910 1693 1997 licet,
1755 1984 1758 1989 .

337 1999 428 2101 quasi
450 2001 533 2075 alter
550 2002 648 2104 plane
673 2028 744 2075 non
762 1996 907 2090 adesset,
931 1998 1012 2075 dum
1034 2018 1146 2075 motus
1166 2013 1359 2105 gyratoriur
1380 2031 1491 2084 manet
1506 2012 1694 2114 aequabilis,

327 2103 562 2213 progressivus·
584 2128 695 2177 autem
719 2100 859 2203 perinde
881 2105 1055 2193 turbatur,
1082 2104 1120 2178 a'c
1135 2103 1165 2178 fi·
1178 2127 1245 2181 tota
1260 2118 1415 2212 eorporis
1439 2107 1540 2187 malla
1561 2120 1597 2187 in
1613 2142 1690 2188 cen·
1769 2118 1795 2171 -'

336 2224 393 2277 tro
411 2210 551 2287 inertiae
564 2205 705 2281 collet‘la
720 2206 759 2279 ab
776 2203 895 2281 iisdem
912 2207 1038 2281 viribus
1060 2230 1247 2309 urgeretur.

779 2374 1126 2449 rnorrrun
1173 2380 1228 2471 q.

441 2508 522 2587 608.
546 2507 580 2579 Si
607 2508 744 2605 corpori
775 2501 886 2606 rigido
914 2510 1013 2579 initio
1035 2501 1208 2609 impressus
1234 2505 1338 2586 fiterit
1365 2509 1488 2587 ntotus'
1503 2517 1623 2586 mixtus
1644 2540 1684 2586 ex

333 2606 543 2707 progressuro
558 2628 591 2681 et
606 2613 780 2710 gyratorio
802 2613 890 2678 circa
907 2633 1002 2679 axem
1020 2610 1250 2706 principalem,
1266 2608 1366 2711 idque
1386 2611 1582 2703 sollicitetur
1599 2643 1616 2686 a
1631 2623 1683 2688 vi·

333 2709 451 2803 ribus,
487 2736 631 2807 quarum
655 2706 767 2778 media
790 2704 933 2777 direslio
954 2706 1142 2779 constanter
1167 2716 1201 2779 in
1222 2710 1322 2810 plano
1348 2712 1388 2783 ad
1411 2740 1506 2784 axem
1526 2741 1586 2810 per
1605 2742 1682 2786 cen-

332 2827 426 2881 trum
442 2815 582 2881 inertiae
599 2805 797 2880 normaliter
812 2804 914 2879 dudio
928 2812 1128 2907 reperiatur,
1137 2808 1362 2885 determinare
1378 2822 1682 2915 corporismotum.

583 3000 586 3007 ·
708 2970 710 2975 ·
822 2944 1150 3050 'sororio
1219 2970 1222 2975 ·

432 3116 517 3214 Quia
532 3121 600 3190 axis
613 3113 671 3190 fibi
693 3110 823 3210 semper
846 3132 958 3186 manet
979 3109 1185 3214 parallelus,
1224 3110 1335 3215 elapso
1361 3134 1516 3220 tempore
1534 3138 1550 3188 r
1571 3129 1678 3185 teneat
1706 3128 1776 3230 Fjg,
1791 3143 1846 3219 76.

327 3215 428 3307 fitutn
444 3223 523 3307 AB,
551 3240 585 3292 et
599 3216 701 3290 dudo
720 3241 781 3317 per
796 3234 946 3287 centrum
963 3221 1102 3288 inertiae
1121 3217 1136 3283 l
1154 3217 1256 3318 plano
1272 3214 1313 3288 ad
1330 3244 1425 3291 axem
1447 3213 1590 3291 nonrmli
1608 3274 1617 3301 ,
1641 3222 1676 3285 in

309 3322 396 3392 -hoc
414 3317 454 3392 stt
468 3323 518 3393 Kt
536 3325 645 3394 media
658 3318 802 3391 directio
818 3322 941 3389 virium
956 3324 1021 3411 jam
1045 3341 1167 3414 corpus
1192 3315 1468 3405 sollicitantium,
1493 3337 1527 3388 et
1541 3322 1591 3385 vis
1609 3315 1673 3385 illis

328 3422 537 3522 aequivalens
552 3421 590 3494 fit
606 3425 655 3494 Klt
668 3454 706 3491 =
718 3425 751 3492 V
769 3444 778 3490 :
806 3425 860 3492 cui
876 3424 909 3490 in
927 3422 942 3489 1
957 3416 1100 3517 aequalis
1117 3434 1149 3488 et
1171 3424 1338 3491 contraria
1363 3424 1394 3491 li
1411 3454 1451 3489 :-.
1469 3424 1500 3488 V
1513 3416 1675 3513 applicata

329 3530 537 3621 concipiatur
553 3580 563 3611 ,
593 3549 678 3624 quae
700 3542 840 3594 autema
855 3525 926 3619 pari
941 3519 1090 3619 opposta
1106 3522 1142 3607 lq
1155 3552 1193 3588 =
1207 3524 1243 3595 V
1259 3518 1372 3593 denuo
1388 3519 1601 3605 destruatur,
1629 3521 1675 3587 ita

327 3644 362 3695 ut
377 3651 499 3725 corpus
513 3632 578 3719 jam
595 3626 634 3697 ab
649 3624 700 3695 his
714 3623 817 3694 tribus
835 3624 959 3695 viribus
977 3622 1028 3707 Klt
1045 3679 1056 3711 ‚
1081 3626 1113 3693 lt'
1127 3641 1162 3694 et
1182 3622 1220 3708 lq.
1236 3618 1441 3695 sollicitetur.
1505 3622 1605 3691 Nunc
1618 3645 1673 3689 au-

326 3742 396 3799 tem
415 3753 433 3796 a
451 3728 535 3800 binis
553 3727 744 3804 viribusllk
760 3741 791 3795 et
807 3727 838 3797 li
855 3720 943 3797 solus
959 3741 1073 3795 motus
1088 3730 1278 3823 gyratorius
1303 3722 1471 3813 afficitur,
1497 3730 1589 3815 cujus
1610 3726 1672 3792 im·

323 3834 467 3901 mutatio
483 3834 527 3902 ita
545 3826 725 3907 definitur:
751 3828 802 3897 Ex
819 3846 938 3900 centro
956 3832 1092 3899 inertiae
1107 3830 1122 3897 l
1138 3832 1172 3896 in
1187 3824 1408 3898 diresloinem
1422 3831 1470 3897 vis
1485 3826 1537 3912 Ka
1551 3822 1670 3893 demit·

309 3946 413 4002 tatur
429 3957 488 4028 per
513 3928 707 4017 ediculum,
755 3924 823 3999 uod
838 3927 875 4001 stt
890 3930 982 4025 :s‚
1013 3931 1078 3997 erit
1092 3946 1304 4000 momentum
1328 3929 1426 4023 hujus
1446 3932 1494 3997 vis
1512 3960 1551 3996 ς.
1567 3928 1615 4015 Vs
1629 3920 1670 3993 ad

317 4050 458 4104 motum
478 3959 545 4105 slve
569 3955 822 4107 accelerandum
842 4028 910 4101 sive
933 4026 1169 4101 retardandum
1202 4034 1340 4101 tendent
1366 4051 1376 4107 :
1411 4048 1484 4100 tum
1510 4018 1671 4097 liturasse

313 4138 479 4229 corporis
503 4164 539 4201 =
557 4136 599 4206 M
624 4142 760 4235 ejusque
788 4125 939 4229 respeslu
961 4136 1032 4201 axis
1053 4136 1110 4201 AB
1131 4150 1343 4201 momentum
1366 4134 1567 4201 inertiae:
1580 4127 1672 4197 Mtt.

311 4233 454 4334 Quibus
473 4232 597 4331 positis,
613 4232 796 4309 ficeleritas
810 4230 975 4332 angularis
987 4238 1075 4305 circa
1088 4257 1185 4305 axem
1200 4234 1256 4305 AB
1271 4239 1337 4328 jam
1352 4227 1455 4305 fuerit
1469 4262 1508 4299 =
1522 4255 1570 4313 o„
1587 4249 1673 4324 quae

308 4379 465 4491 perinde
482 4382 692 4477 aeslimatur,
717 4385 794 4461 acst
812 4392 878 4483 axis
893 4378 1104 4491 quiesceret,
1128 4385 1192 4481 erit
1203 4381 1249 4461 de
1262 4418 1302 4455 =
1326 4324 1564 4499 4-3-ξὲἕὲ
1580 4368 1672 4446 unde

956 4522 1017 4619 cg
1044 4543 1063 4592 2
1627 4508 1670 4584 fid

1885 2918 1907 2977 t
