4092 5134
961 337 1383 458 PRAEFATIO.

497 594 679 700 subitan,
707 583 805 673 istae
819 582 930 673 vires
943 580 1015 670 vel
1029 578 1159 670 solum
1168 601 1336 671 motum
1351 574 1649 698 progressum
1664 574 1734 668 vel
1748 572 1872 666 fimul

364 804 380 844 -,
431 748 434 757 '
476 732 755 863 'gyratorium
769 729 1016 844 turbabunt,
1044 732 1103 821 ita
1120 753 1275 838 tamen,
1302 750 1350 817 ut
1364 733 1459 820 axis
1474 727 1595 819 sutum
1610 728 1681 817 fibi
1693 723 1870 845 patulo:

346 936 350 945 ·
433 898 436 905 ’
499 892 589 982 lum
603 906 806 1008 perpetuo
818 882 961 973 servet
1017 878 1224 995 Reliquae
1238 880 1347 967 vires
1366 908 1512 970 omnes
1533 908 1666 970 oxeos
1688 878 1811 965 snum
1823 875 1875 965 fi·

499 1038 588 1131 mul
603 1036 849 1146 turbabunt,
878 1054 1003 1150 atque
1018 1030 1085 1116 bic
1104 1029 1162 1115 est
1177 1025 1311 1138 casus,
1341 1056 1426 1145 quo
1437 1035 1639 1148 principia
1659 1026 1875 1116 Mechaniss

463 1164 466 1169 Ι
503 1216 579 1278 cae
595 1150 813 1299 hucusque
829 1174 996 1300 cognita
1010 1173 1121 1263 baud
1136 1196 1254 1261 erant
1269 1174 1504 1264 sufficientia
1519 1150 1573 1264 ad
1597 1180 1875 1265 continuatio·

498 1318 602 1441 'nem
617 1350 758 1420 motus
773 1328 1145 1435 determinandum.
1200 1321 1298 1436 Jam
1319 1326 1460 1441 itaque
1483 1351 1633 1414 caan.
1648 1351 1873 1418 Avcron.

465 1460 468 1465 ’
504 1480 609 1600 cap.
624 1479 702 1570 lx.
716 1476 834 1572 nx.
850 1474 1065 1595 problema
1079 1475 1130 1563 ae
1148 1476 1333 1591 corporis
1346 1472 1465 1591 rigidi
1482 1477 1680 1566 auribus
1704 1478 1877 1593 quibus-

429 1634 433 1641 ’
505 1658 670 1749 cunque
683 1627 881 1719 sollicitati
894 1648 1013 1715 motu
1028 1627 1258 1741 generatim
1281 1621 1596 1714 determinando
1617 1624 1878 1740 adgreditur,
1898 1644 1904 1662 ·

506 1783 580 1870 ubi
597 1777 766 1895 quidem
779 1780 915 1892 primo
930 1772 1035 1892 Cap.
1052 1772 1131 1863 lX.
1148 1798 1299 1887 corpus
1317 1769 1497 1886 rigidum
1520 1776 1563 1860 in
1584 1778 1724 1890 quiete
1747 1772 1878 1863 conli-
1894 1817 1909 1889 .'

511 1901 652 2040 derat,
683 1928 728 2018 δι
746 1925 849 2033 durn-
862 1925 1056 2013 aviribus
1070 1921 1385 2037 quibuscunque
1405 1918 1661 2036 sollicitamur,
1696 1904 1921 2042 pumen-*l

508 2096 650 2166 motus
665 2078 976 2190 generationem
992 2066 1236 2181 investigare
1255 2089 1448 2156 conatur:
1480 2068 1630 2159 deinde
1654 2102 1758 2162 vero
1772 2060 1912 2192 Cap„

510 2223 571 2319 X.
585 2252 684 2311 eum
699 2217 1079 2334 consideratjcasum
1097 2217 1286 2304 omnium
1301 2213 1597 2335 difficillimum,
1626 2205 1880 2346 quocorpus

417 2432 420 2439 -
512 2376 599 2489 jam
615 2375 658 2459 in
674 2390 793 2467 motu
805 2366 1007 2481 versatur,
1045 2394 1095 2453 ac
1119 2366 1231 2451 circa
1250 2392 1379 2453 axem
1399 2396 1476 2484 per
1495 2394 1686 2479 centrum
1706 2379 1881 2467 inertiae

249 2523 253 2527 '
383 2558 386 2563 ·
509 2519 787 2611 transeuntem
798 2512 997 2630 gyratur,·
1017 2519 1090 2634 qui
1105 2515 1249 2603 veroa
1266 2486 1424 2606 vin'bus
1449 2516 1756 2614 sollicitantibus
1780 2548 1885 2615 con·

509 2674 628 2761 tinuo
640 2670 837 2758 variatur.
892 2664 1419 2789 Ratiociniorumnexum,
1447 2672 1598 2784 quibus
1614 2698 1764 2761 ann.
1788 2701 1883 2767 Av-

500 2845 650 2907 eron
665 2818 710 2900 in
723 2808 970 2902 evolvendis
980 2811 1094 2901 hisce
1115 2815 1420 2929 quaestionibus
1443 2812 1537 2903 usus
1562 2818 1641 2931 est,
1681 2823 1882 2917 brevibus

512 2960 744 3055 recensebo.
930 2936 933 2941 ¹
1343 2986 1348 2993 ·
1492 2994 1494 2998 ·

507 3132 511 3139 ·
560 3150 563 3155 ·
621 3105 1079 3221 Quotcunquefuerint
1096 3109 1207 3198 vires
1227 3110 1380 3226 corpus
1405 3111 1584 3229 rigidum
1608 3115 1883 3249 sollicitantes,

515 3252 956 3377 &quomodocunque
969 3255 1121 3344 fuerint
1142 3256 1389 3374 applicatae,
1427 3288 1502 3346 eae
1524 3258 1680 3380 semper
1700 3275 1754 3362 ad
1776 3281 1884 3375 duas

409 3440 420 3453 ·
468 3532 474 3539 ι
514 3408 705 3497 revocari
723 3403 906 3519 poliunt,
940 3432 1119 3522 quarum
1133 3405 1266 3521 altera
1275 3435 1351 3523 per
1364 3409 1494 3526 ipsum
1509 3408 1699 3506 centrum
1712 3424 1888 3523 inertiae

407 3636 411 3641 ,
515 3558 703 3673 corporis
718 3550 906 3647 transeat·
963 3550 1041 3641 Ast
1061 3582 1165 3644 vero
1185 3554 1214 3643 fi
1235 3561 1425 3672 cognitus
1448 3557 1572 3648 suerit
1590 3562 1762 3662 effetus
1784 3578 1888 3670 dua·

513 3730 610 3791 rum
625 3704 779 3793 virium
795 3698 966 3811 junslim
984 3705 1196 3818 agentium
1211 3707 1254 3791 in
1271 3731 1389 3794 motu
1413 3714 1672 3827 generando,
1694 3738 1889 3838 'quarum

386 3892 390 3899 ·
514 3850 645 3939 altera
657 3846 729 3965 ipsi
747 3847 891 3935 centro
908 3853 1085 3938 inertiae·
1095 3851 1153 3938 est
1176 3855 1399 3973 applicata,
1435 3858 1603 3950 alterius
1628 3871 1755 3959 etiam
1779 3875 1904 3965 seor··

265 3984 270 3993 '
370 4089 374 4111 ¹
512 3998 589 4089 fim
602 3999 762 4112 agentis
778 3997 948 4089 effectus
959 3999 1192 4096 innotescit.
1289 4005 1448 4116 Qu⁰ds¹
1468 4016 1609 4132 itaque
1630 4021 1815 4135 ‘luaeffi0
1830 4028 1890 4116 ⁶st

403 4144 406 4150 .
515 4143 570 4235 de
583 4146 715 4263 prima
729 4158 870 4234 motus
888 4151 1157 4264 generatione
1172 4148 1506 4272 determinand03
1547 4167 1716 4282 quando
1732 4186 1888 4290 corpus

519 4290 700 4411 rigidum
722 4294 933 4413 quiescens
951 4298 998 4393 ba
1013 4295 1189 4391 liberum
1203 4332 1230 4391 a
1244 4307 1400 4398 viribus
1415 4312 1731 4435 quibuscunque
1743 4318 1890 4409 sollici.

1352 4486 1354 4490 ’
1756 4482 1913 4578 tamn(
