4092 5134
528 442 594 545 156
653 414 850 515 carun
866 376 1061 511 russ'nn
1077 402 1290 531 Morus
1305 394 1727 500 'emarcuisse

535 622 631 697 ssinel
652 627 763 703 uires,
805 614 921 717 quibus
937 612 1010 681 adiu
1025 605 1250 701 sollicitatur,
1277 604 1332 675 ubi
1347 618 1408 675 eae'
1427 622 1559 706 parter,
1587 598 1707 704 quibus
1731 596 1894 703 singulae‘

538 722 733 794 immediate
750 715 822 787 suut
838 712 1013 812 applicatae
1029 710 1134 809 probe
1156 724 1337 779 notentur:
1362 702 1641 806 quandoquidem
1655 702 1823 805 quaelibet
1836 709 1889 777 via

535 832 666 897 unicam
684 840 809 892 tautum
827 819 978 911 corporis
998 808 1191 908 particulam
1209 824 1317 907 urget.
1373 805 1504 877 Deinde
1526 832 1566 877 ex
1582 822 1756 879 momento
1774 812 1890 877 omni.

537 955 594 998 um
613 926 745 996 illarum
760 924 881 989 virium
892 914 1191 1013 colliganturvires
1205 908 1437 996 elementares,
1455 935 1539 1009 quae
1552 914 1584 977 in
1596 907 1728 1007 fingulis
1739 906 1890 979 clenica.

539 1034 578 1099 tis
596 1050 708 1125 parem
725 1038 856 1091 motum
874 1022 1052 1121 gignerent
1069 1044 1079 1101 3
1105 1038 1142 1081 ac
1160 1007 1294 1111 lingulis
1314 1008 1488 1081 elementis
1505 1012 1555 1081 his
1574 1011 1722 1110 aequales
1748 1030 1782 1079 et
1804 1036 1889 1080 erm.

545 1132 662 1200 trariae
679 1120 858 1221 applicatae
874 1114 1117 1215 concipiantur,
1136 1137 1277 1211 quarum
1290 1108 1368 1183 loco
1382 1113 1439 1182 hic
1458 1111 1536 1183 alias
1554 1110 1629 1209 ipsis
1645 1110 1892 1211 aequivalentes

538 1223 684 1325 utsupra
701 1220 977 1296 subslituerenou
997 1215 1099 1301 lieet,
1134 1220 1295 1315 quoniam
1318 1214 1408 1283 huuc
1433 1211 1501 1311 ipsa
1522 1210 1699 1312 rigiditatis
1722 1218 1809 1283 ratio
1836 1238 1894 1285 ex.

538 1333 694 1427 quiritur.
743 1324 869 1394 Tertio
886 1316 1082 1413 adjiciantur
1101 1320 1188 1385 vires
1205 1374 1215 1401 ,
1241 1313 1359 1414 quibus
1374 1320 1441 1386 axis
1454 1315 1527 1386 aslu
1544 1320 1580 1385 iu
1596 1320 1708 1414 quiete
1723 1310 1892 1405 servatur3

539 1450 636 1529 atque
657 1430 689 1496 hi
709 1444 774 1495 tres
795 1428 916 1493 virium
932 1424 1068 1493 ordines
1087 1441 1208 1515 corpus
1224 1421 1256 1485 in
1272 1412 1427 1511 perseslo¹
1437 1415 1634 1517 aequilibrio
1651 1417 1894 1493 continebunt:

538 1524 701 1629 lirnulque
718 1532 752 1597 iu
768 1548 929 1622 compage
947 1526 1091 1621 partium
1104 1516 1194 1589 idern
1208 1516 1304 1605 plane
1320 1514 1488 1604 efficiunt,
1515 1523 1608 1619 quod
1625 1543 1746 1617 corpus
1764 1524 1801 1589 in
1817 1536 1894 1591 mo·

469 1638 476 1653 ⁶
541 1652 591 1703 tus
608 1633 823 1729 generatione
841 1630 976 1723 patitur.
1027 1624 1185 1721 Hiucque
1210 1618 1437 1717 intelligitur,
1462 1646 1564 1721 quam
1586 1620 1689 1692 fumo
1714 1646 1802 1692 nexu
1827 1618 1892 1693 lin.

539 1729 636 1833 gulae
654 1734 806 1825 corporis
823 1723 1001 1825 particulae
1018 1729 1107 1795 inter
1131 1718 1164 1793 se
1187 1720 1364 1823 colligatae
1386 1712 1452 1791 eise
1475 1720 1645 1809 debeant,
1668 1738 1705 1793 ut
1726 1720 1818 1793 nulla
1839 1746 1894 1795 aaa

539 1858 616 1906 rum
632 1828 772 1902 divulsio
788 1828 827 1900 sit
843 1823 1043 1899 metuenda:
1080 1843 1113 1896 et
1133 1819 1195 1895 nili
1222 1848 1340 1922 compa
1366 1848 1400 1893 es
1424 1824 1477 1897 bis
1496 1825 1621 1897 uiribus
1645 1818 1894 1923 satisrefissere

541 1934 675 2021 ualeat,
703 1956 824 2030 eorpus
841 1955 910 2001 uon
923 1954 988 2030 pro
1002 1924 1115 2029 rigido
1132 1918 1212 1997 esset
1232 1850 1433 1999 habendum.

1054 2094 1383 2166 SCHOLION.

641 2241 714 2313 397.
739 2218 806 2289 Hic
823 2215 894 2317 plus
907 2214 1050 2306 definire
1068 2240 1138 2289 non
1156 2210 1377 2313 suscipimus,
1400 2240 1501 2316 quarn
1527 2220 1657 2318 quantis
1682 2216 1810 2290 uiribus
1832 2215 1897 2287 sin·

543 2314 640 2424 gblae
656 2326 810 2419 corporis
826 2320 1009 2417 particulae
1025 2316 1280 2403 sollicitentur,
1320 2342 1405 2415 quae
1421 2344 1475 2390 eas
1498 2344 1516 2387 a
1539 2342 1628 2389 nexu
1654 2344 1732 2390 curn
1758 2317 1897 2419 reliquie

544 2422 689 2494 avellere
705 2441 868 2492 conentur
884 2449 894 2510 ς
921 2417 1099 2522 quomodo
1114 2426 1206 2491 enirn
1222 2416 1385 2490 strusiura
1400 2424 1554 2518 corporis
1573 2420 1651 2491 huic
1667 2414 1802 2493 effetiai
1818 2418 1899 2492 reli·

550 2524 609 2597 slat
627 2580 637 2609 ,
667 2526 763 2617 hujus
778 2521 844 2593 loci
859 2548 930 2593 non
946 2521 989 2593 eil
1008 2526 1205 2621 inquirere,
1241 2537 1420 2616 propterea
1451 2518 1545 2621 quod
1568 2523 1651 2594 haec
1669 2527 1755 2597 ratio
1773 2517 1898 2623 rigidi-

553 2629 626 2695 tatis
648 2630 767 2723 cuique
792 2648 975 2721 corporum
1000 2628 1116 2724 generi
1136 2620 1183 2695 esi
1204 2618 1392 2719 peculiaris.
1460 2624 1622 2694 Ceterum
1644 2628 1680 2694 iu
1701 2624 1768 2697 hoc
1788 2628 1897 2723 capite

553 2744 680 2797 tanturn
695 2744 808 2795 ruotus
823 2730 982 2812 initium,
1014 2730 1072 2825 qui
1097 2728 1235 2822 corpori
1255 2718 1367 2821 rigido
1389 2726 1476 2793 circa
1497 2750 1592 2797 axem
1614 2724 1716 2797 fixum
1738 2724 1857 2797 mobili
1879 2750 1898 2795 a

553 2828 678 2899 uiribus
698 2826 948 2926 quibuscunque
962 2832 1194 2925 imprimitur,
1216 2819 1329 2896 sumus
1342 2826 1559 2925 contemplati
1575 2886 1586 2917 ,
1611 2854 1682 2929 qno
1696 2824 1827 2901 facilius
1843 2820 1897 2897 so·

554 2927 604 2998 lus
621 2932 747 2997 virium
763 2920 900 2999 edesius
917 2953 934 2996 a
952 2945 1050 2997 motu
1064 2933 1129 3019 jam
1145 2920 1244 2993 insito
1267 2917 1433 3021 separatus
1454 2922 1712 3029 perspiceretur.
1773 2932 1896 3029 lrnpri·

546 3032 617 3099 anis
638 3046 749 3098 autem
765 3028 844 3097 hinc
862 3025 903 3097 ad
920 3022 1096 3125 sequentes
1111 3024 1380 3122 investigationes
1394 3024 1531 3103 subsidia
1550 3048 1726 3129 petentur,
1746 3028 1894 3131 quando,

555 3126 637 3199 dum
653 3154 773 3227 corpus
794 3133 881 3199 circa
899 3133 1092 3229 quempiam
1106 3152 1202 3201 axem
1219 3143 1383 3225 gyratur,
1412 3134 1502 3205 vires
1514 3127 1631 3204 adsunt
1646 3130 1680 3203 id
1695 3133 1895 3203 circa‘aliunt

553 3256 650 3302 axem
665 3248 864 3305 convertere
881 3247 1058 3323 conantes3
1086 3230 1258 3303 tamenim
1267 3253 1309 3301 ex
1324 3225 1447 3301 esleslu
1460 3252 1702 3306 momentaneo
1713 3236 1896 3307 circabune

557 3354 652 3403 axem
671 3326 839 3431 produslo
856 3329 1001 3427 judicare
1018 3331 1160 3418 licebit,
1181 3326 1365 3430 quomodo
1386 3350 1500 3407 motus
1521 3333 1723 3434 praecedens
1736 3336 1894 3409 turbetur·
1922 3386 1925 3391 ,

556 3434 659 3507 Nunc
675 3438 777 3534 igitur
791 3459 914 3532 corpus
934 3429 1082 3534 rigidum
1096 3436 1132 3505 in
1149 3448 1245 3503 motu
1260 3438 1349 3505 circa
1363 3456 1459 3503 axem
1473 3434 1580 3515 fixum
1607 3434 1893 3531 confiderabirnnt.

558 3552 593 3605 et
616 3530 854 3627 scrutabimur,
870 3532 1048 3632 quomodo
1069 3540 1097 3605 is
1115 3558 1134 3603 a
1151 3532 1279 3605 uiribus
1305 3534 1558 3640 quibuscunque
1579 3542 1750 3611 immutari
1769 3536 1893 3625 debeat,

581 3634 731 3733 ossquam
749 3642 815 3727 jam
838 3630 1164 3722 demonstravimus,
1189 3639 1258 3729 ejus
1274 3653 1435 3727 rnoturn,
1459 3634 1487 3711 fi
1509 3638 1621 3713 nullae
1643 3634 1890 3730 adessentuires

555 3660 795 3823 sollicitantes,
830 3732 1038 3811 unisormem
1056 3732 1121 3809 elle
1136 3732 1300 3807 futurum.
1362 3738 1537 3813 Praeterea
1559 3764 1644 3827 vere
1668 3744 1785 3831 vires,
1818 3762 1891 3845 quas

557 3842 624 3909 axis
639 3840 823 3937 gyratioais
838 3842 966 3914 interea
981 3836 1142 3927 stistinet,
1166 3831 1310 3910 sollicite
1324 3860 1425 3911 emat
1444 3838 1712 3947 perpendendae.
1813 3856 1822 3865 “

1077 4036 1374 4179 ΝΜ

1119 4172 1331 4423 κκῇιὲ
1377 4220 1380 4227 ’
