4092 5134
359 407 436 513 456
499 380 744 483 Caluri.
806 389 885 475 uu
906 388 1216 477 rnic'uouu
1239 390 1303 479 uv
1327 340 1576 479 nervum.

308 646 310 651 .
368 615 450 688 qnae
467 583 555 657 forte
574 590 679 653 vuum
703 592 909 661 occurrant,
939 575 1106 651 refellere.
1157 574 1242 651 Pers
1258 586 1371 655 icuum
1399 587 1488 653 enim
1514 574 1720 678 ell,'neque

368 690 406 761 ab
423 686 594 758 :ibrilione
615 683 758 786 quadam
778 684 1011 779 particularum
1030 735 1042 772 ,
1070 706 1178 777 neque
1198 606 1438 781 adepreffionc
1456 681 1719 765 silameutorum,

370 791 449 863 dum
466 814 586 885 corpus
606 796 700 883 luper
721 780 892 880 supe-ilicis
913 780 1038 851 incedit
1057 836 1067 867 ,
1099 778 1292 852 frisiiouem
1310 790 1392 855 oriri
1411 778 1527 883 posse,
1555 787 1631 881 quid
1645 800 1717 851 tum

232 953 237 963 .
309 970 314 977 ‚
372 886 555 964 neeell'ariu
573 886 685 957 bile-os
703 880 899 984 magnitudo
916 889 948 951 iu
966 902 1165 979 computum
1189 888 1337 955 intraret.
1390 881 1489 981 Quod
1518 870 1558 952 ad
1587 878 1714 953 frislio·

375 1020 464 1077 uem,
481 1012 642 1089 quatenus
663 1006 769 1057 ructus
786 990 994 1084 generationi
1015 979 1150 1076 refissit,
1165 984 1381 1069 attendants,
1398 1011 1435 1055 ea
1451 981 1599 1083 sequeqti
1612 980 1718 1054 modo

119 1172 126 1181 ,
202 1107 268 1199 lig.
296 1101 361 1172 126.
377 1092 463 1166 haud
482 1101 592 1188 inepte
611 1089 767 1187 explicari
783 1080 873 1183 potl'e
889 1080 1030 1155 videtur.
1080 1086 1173 1155 Dum
1186 1111 1306 1185 nempe
1324 1112 1446 1185 corpus
1464 1086 1584 1161 ABCD
1608 1078 1719 1180 super·
1738 1074 1756 1081 “

376 1196 464 1267 ficiei
481 1197 535 1264 EF
563 1190 748 1273 incumbit,
776 1186 948 1255 coutadus
974 1210 1047 1255 nou
1072 1179 1254 1257 secuudum
1278 1186 1416 1285 planum
1433 1190 1516 1275 AB,
1552 1204 1590 1255 ut
1611 1178 1720 1255 sensus

376 1295 545 1378 ostendit,
570 1291 639 1363 sieri
658 1290 701 1361 cti
719 1284 967 1383 concipiendus,
988 1281 1042 1355 sed
1068 1286 1280 1375 obtrtinivnas
1302 1294 1464 1388 utrinque
1501 1293 1720 1357 roraiinentias

225 1442 236 1467 v
338 1441 343 1449 -
378 1420 410 1469 et
426 1401 578 1467 cavitates
597 1388 660 1461 sect
675 1397 777 1459 mlum
803 1386 1011 1483 superficiem
1036 1380 1199 1457 li1uiosam
1219 1408 1254 1475 et
1273 1386 1364 1487 quali
1387 1316 1605 1473 undulatam,
1630 1380 1720 1459 abab

376 1499 424 1582 ab,
440 1498 519 1567 dum
537 1497 580 1564 o'u
599 1488 795 1589 pre-Ilioneus
812 1492 1058 1585 prominentiae
1075 1485 1209 1557 alterius
1226 1495 1259 1558 iu
1272 1496 1428 1561 cavitates
1444 1489 1577 1561 alterius
1594 1482 1628 1557 se
1645 1480 1717 1557 iufi-

378 1617 489 1673 numi.
541 1598 619 1664 Hoc
635 1586 773 1663 edmill'o
790 1614 911 1685 corpus
927 1591 1059 1657 rriuveri
1074 1593 1193 1686 nequit
1209 1644 1221 1681 ,
1245 1595 1327 1687 quin
1342 1589 1437 1662 liuiul
1461 1587 1557 1690 supra
1583 1584 1717 1686 superli-

378 1709 463 1773 ciem
473 1700 527 1768 AB
545 1691 786 1793 aliquantillum
804 1688 954 1760 elevetur
969 1717 979 1777 3
1006 1683 1061 1757 seu
1075 1694 1182 1787 prima
1198 1710 1308 1760 motus
1327 1689 1495 1788 imprellio
1519 1716 1590 1762 uon
1605 1686 1717 1760 seersu-

266 1814 275 1833 “
376 1800 457 1873 dum
475 1796 695 1870 diret‘lionem
720 1796 782 1863 OV
801 1787 859 1888 ipst
884 1793 941 1860 All
960 1787 1176 1885 parallelam‚
1203 1786 1258 1860 sed
1287 1788 1467 1864 secuudum
1482 1790 1651 1891 quandam
1672 1786 1719 1859 di·
1741 1850 1757 1861 .

377 1904 562 1974 rectionem
577 1897 631 1971 08
647 1894 835 1965 inclinatam
858 1889 931 1962 fieri
951 1890 1071 1976 debet,
1099 1918 1183 1990 quae
1195 1886 1320 1963 scilieet
1336 1891 1489 1991 parallela
1506 1890 1545 1963 lit
1556 1894 1719 1962 inanimae

268 2038 270 2043 ·
377 2001 466 2103 quali
484 1999 659 2070 declivitati
678 2002 710 2065 iu
732 1992 886 2064 coutaelu
912 1991 970 2064 illo
994 1988 1156 2068 sinuoso:
1181 2011 1279 2091 atque
1301 1996 1383 2065 haee
1398 1992 1569 2065 declivitas
1584 1988 1651 2065 seu.
1664 1988 1720 2061 ob·

380 2106 507 2201 liquitas
523 2094 700 2193 respondet
717 2092 880 2189 asperitati
897 2098 1070 2191 utriusque
1093 2088 1278 2187 superficiei
1297 2100 1332 2166 iu'
1357 2094 1515 2172 eontastu
1530 2102 1587 2182 ita,
1605 2114 1643 2165 ut
1657 2115 1718 2191 pro

272 2264 275 2271 .
379 2210 507 2295 majore
525 2203 700 2269 minoreve
716 2192 887 2293 asperitate
905 2190 1044 2291 angulus
1060 2193 1148 2262 VOS
1163 2200 1268 2286 major
1290 2202 1446 2268 minorve
1469 2195 1508 2268 fit
1528 2199 1718 2297 concipien-

378 2292 448 2377 dusss
500 2303 757 2395 Statuaturergu
774 2294 830 2364 ille
846 2290 984 2392 angulus
1001 2296 1093 2367 VOS
1108 2284 1188 2395 εζ,
1207 2321 1394 2397 corpusque
1411 2280 1601 2395 superficiei
1616 2297 1720 2397 appri-

378 2424 485 2476 matur
507 2407 539 2469 vi
556 2402 612 2469 ΟΡ
627 2430 666 2465 =
684 2399 731 2481 l’,
757 2421 793 2465 ac
815 2400 879 2487 jam
902 2390 1081 2479 videamus,
1126 2394 1219 2464 uama
1238 2402 1269 2466 vi
1296 2394 1477 2469 secundum
1497 2398 1719 2469 diredimem

379 2508 442 2577 OV
458 2516 574 2601 agente
594 2522 676 2595 opus
694 2496 731 2566 fit
750 2553 760 2590 ,
785 2514 819 2564 ut
830 2519 952 2593 corpus
968 2490 1009 2563 de
1025 2492 1085 2564 litu
1101 2420 1160 2563 suo
1174 2490 1349 2569 dimovere
1365 2499 1480 2570 valeat.
1530 2502 1619 2593 ngat
1639 2514 1718 2599 ergo

378 2612 427 2677 vis
447 2604 510 2672 OV
525 2634 564 2669 =
577 2603 632 2694 V,
658 2624 750 2696 aqua
771 2620 893 2693 corpus
911 2591 1097 2665 secundum
1118 2594 1339 2669 directionem
1360 2604 1415 2672 Os
1440 2580 1670 2672 sollicidbimr
1689 2604 1721 2671 vi

377 2741 417 2776 x:
432 2709 462 2773 V
479 2698 535 2797 eos
543 2692 566 2800 ζ
584 2724 593 2773 t
620 2718 651 2767 at
670 2706 719 2769 vis
739 2694 910 2798 prelliouis
928 2698 984 2765 ΟΡ
998 2700 1071 2766 :P
1095 2698 1171 2766 huic
1194 2699 1316 2772 at‘lioui
1340 2701 1455 2775 relillit
1482 2706 1513 2770 vi
1537 2704 1678 2797 ='l'fi⁸
1689 2688 1721 2803 ζ

379 2810 490 2904 Qiare
509 2805 568 2871 niti
593 2796 737 2869 fueritV
756 2793 842 2901 cas(
855 2809 893 2875 >
912 2800 977 2887 Pst
986 2792 1009 2895 ζ
1028 2791 1083 2866 seu
1103 2800 1184 2878 V>
1203 2788 1317 2901 Ptang
1333 2795 1356 2901 ζ
1367 2832 1381 2889 ς
1408 2828 1530 2902 corpus
1552 2798 1595 2873 de
1611 2794 1721 2902 quiete

379 2935 450 2979 non
475 2901 729 2987 deturbabitur3
764 2898 817 2968 vel
843 2894 1003 2996 quamdiu
1020 2902 1068 2967 vis
1095 2892 1272 2970 sollicitans
1298 2906 1363 2974 OV
1378 2908 1460 2975 :V
1484 2909 1599 2974 niiuor
1621 2900 1723 2979 fuerit

290 3084 293 3099 Ι
380 3032 480 3106 quam
497 3008 519 3073 P
536 3023 615 3098 tang
630 2995 678 3097 ζ,
703 3024 824 3096 eorpus
844 3002 1003 3098 inquiete
1024 2993 1256 3099 perseverabit.
1314 3003 1353 3075 Id
1372 3004 1463 3103 quod
1484 3010 1622 3103 egregie
1648 3028 1724 3077 cum

378 3107 475 3206 supra
493 3097 619 3174 traditis
636 3106 820 3194 convenit,
843 3124 920 3169 cum
944 3098 1021 3171 loco
1040 3096 1210 3172 frasliouis
1234 3098 1321 3175 illius
1341 3094 1434 3182 ‹lhic
1452 3096 1631 3203 liabeqrniis
1654 3125 1723 3176 tan·
1748 3110 1752 3115 ’

379 3228 516 3313 gentem
535 3206 716 3298 cujuspiam
741 3199 851 3298 anguli
873 3192 908 3306 ζ.
972 3204 1100 3273 Verum
1126 3200 1222 3273 lateri
1244 3228 1362 3305 cogor,
1381 3210 1459 3278 hine
1481 3232 1551 3279 non
1568 3207 1722 3308 intelligi,

380 3338 440 3385 cur
455 3309 536 3381 dum
559 3328 618 3373 cor
645 3307 884 3393 removetur,
914 3297 1078 3374 fridionis
1103 3308 1151 3372 vis
1176 3310 1281 3374 iuotui
1305 3315 1469 3379 contraria
1494 3314 1595 3381 etiam
1617 3315 1629 3379 i
1654 3306 1680 3383 fi
1701 3310 1723 3379 Ρ

378 3434 458 3511 taqg
477 3329 658 3511 (aequalis
675 3398 741 3475 else
757 3398 898 3475 debeat:
925 3430 1002 3475 euru
1018 3411 1108 3476 enim
1133 3402 1212 3475 basis
1237 3414 1391 3507 corporis
1417 3336 1666 3483 alternatimle
1684 3436 1724 3481 ex

381 3512 444 3584 illis
470 3502 710 3582 linuolitatibus
736 3504 920 3604 expediat,
958 3510 1148 3607 iterumque
1177 3500 1273 3578 seeo
1297 3512 1464 3597 insumet,
1505 3515 1615 3589 rninus
1637 3528 1725 3611 patet

328 3664 331 3673 .
380 3631 541 3711 quantum
555 3607 794 3679 detrimentum
809 3610 887 3678 hinc
905 3626 1015 3678 motus
1041 3608 1081 3679 sit
1103 3601 1262 3706 palliuris.
1334 3614 1503 3711 Qtoniam
1532 3608 1647 3685 tamen
1668 3614 1726 3706 hy,-

380 3712 527 3811 pothelis
549 3707 685 3782 stabilita
708 3710 787 3781 hinc
806 3734 876 3779 nou
898 3715 1059 3799 evertitur
1076 3768 1086 3798 ,
1103 3715 1139 3782 ei
1165 3711 1423 3799 inhaereamus,
1451 3711 1651 3815 causamque
1671 3716 1727 3789 hic

383 3810 569 3913 atliguatam
588 3830 743 3911 tanquam
759 3838 777 3882 a
794 3835 877 3885 vero
891 3835 961 3882 nou
976 3813 1216 3883 abhorrentem
1238 3806 1432 3912 speclemus.
1587 3824 1590 3829 '

967 4050 1156 4330 ede
