4092 5134
523 462 607 549 24,
673 388 683 399 ’
747 484 755 499 .,
779 406 1060 538 emutuit.
1116 408 1390 534 namma
1410 352 1620 503 Morus

527 679 692 748 Ponamm
708 694 792 773 ergo
809 656 888 742 vitu
896 672 939 741 ita
956 656 1022 738 elle
1038 658 1258 764 applicatam,
1283 675 1320 733 ut
1333 604 1459 773 fiat-{-
1486 668 1521 746 †
1549 599 1643 771 Β-ἙΞ
1655 678 1693 721 =
1707 646 1758 738 o,
1779 640 1887 753 atque

425 881 428 887 .
531 804 657 911 c'orpm¹
668 814 779 911 gyrari
795 811 932 913 incipiet
951 809 1039 874 circa
1061 825 1158 872 axem
1178 806 1227 872 tn
1250 804 1286 870 in
1308 797 1411 899 plano
1435 789 1477 863 ad
1495 788 1719 867 directionem
1741 800 1791 869 uia
1808 818 1895 873 nor.

533 966 612 1039 mali
632 961 757 1051 litum,
788 979 823 1033 ut
840 956 887 1053 stt}
903 978 982 1054 tatrg
1005 901 1208 1070 thiss=÷
1235 982 1275 1022 τ.-
1294 895 1441 1063 ssc.
1492 944 1591 1017 Tum
1611 944 1657 1019 ob
1673 968 1894 1063 momentum

430 1172 435 1185 ,
534 1111 585 1177 vis
608 1137 646 1173 =
667 1102 820 1193 vaſsa,
861 1116 894 1167 et
919 1110 1133 1165 momentum
1156 1092 1293 1161 inertiae
1316 1078 1473 1183 respectu
1499 1086 1598 1179 hujus
1623 1091 1691 1159 axia
1707 1064 1926 1185 lrrdblz'

533 1208 639 1303 Asso?
655 1201 841 1296 ÷Btvs⁴t²
859 1210 893 1287 -Ι-
910 1197 971 1268 21>
972 1201 1023 1291 ju
1034 1197 1091 1286 cos
1097 1205 1162 1282 η-Ι-
1176 1193 1206 1263 C
1222 1246 1233 1277 ,
1259 1184 1471 1287 tempurc'ulo
1486 1186 1526 1261 da
1539 1206 1690 1261 vertetur
1705 1214 1768 1289 per
1789 1212 1897 1293 ungu.

747 1293 1355 1431 M.
1376 1392 1379 1397 ·
1419 1352 1579 1453 Quicum
1594 1351 1635 1425 lit
1649 1348 1790 1430 effectur
1805 1356 1896 1433 bina·

748 1430 1348 1533 Asr²÷1³c0sa²tzvsacra÷c

538 1573 616 1620 rum
639 1547 766 1614 virium
784 1541 832 1611 Rr
846 1555 879 1607 et
896 1536 944 1608 lx
958 1537 1096 1627 junctim
1112 1535 1307 1631 agentium,
1328 1546 1365 1603 ut
1394 1528 1535 1629 prodeat
1560 1525 1698 1603 effectus
1722 1526 1828 1607 solius
1846 1540 1893 1609 vig

539 1653 590 1722 Rr
607 1675 644 1713 =
659 1648 716 1732 V,
745 1636 883 1737 addatur
896 1630 1032 1736 insuper
1046 1638 1095 1704 uir
1119 1634 1157 1735 lp
1169 1664 1209 1700 =
1224 1634 1280 1717 V,
1310 1648 1344 1704 et
1365 1639 1502 1731 corpori
1526 1650 1658 1731 praeter
1676 1652 1894 1739 mouumgy·

534 1753 698 1822 ratorium
712 1746 927 1843 imprimetur
946 1754 1059 1807 motus
1077 1729 1305 1836 progreffivrta
1330 1758 1432 1835 purus
1457 1728 1639 1805 secundum
1668 1730 1893 1811 directionem
1926 1814 1928 1819 ,

537 1370 607 1444 lum
620 1366 675 1443 da
686 1399 726 1438 =

544 1897 667 2002 1Qips1
680 1901 729 1972 Rr
738 1890 941 1995 parallelum,
956 1913 1026 1991 quo
1035 1882 1247 1988 tempusculo
1260 1885 1301 1959 dt
1315 1886 1513 1962 conficietur
1530 1882 1710 1993 spatiolum
1721 1919 1763 1960 τ.
1775 1836 1893 2009 ἐς.

1021 2063 1317 2144 couotn
1374 2085 1404 2139 n

635 2241 713 2327 629.
739 2233 870 2306 Solutio
897 2256 990 2332 ergo
1007 2232 1106 2325 hujus
1122 2226 1340 2330 problematis
1357 2226 1398 2301 ad
1417 2256 1475 2304 eos
1494 2246 1627 2305 tantum
1641 2225 1732 2304 casua
1744 2227 1891 2305 extendi·

533 2359 616 2425 tur,
645 2339 761 2438 quibua
779 2341 826 2407 vis
842 2330 1029 2406 sollicitans
1047 2335 1097 2407 Rr
1114 2363 1153 2400 -..-
1167 2334 1199 2401 V
1216 2336 1353 2433 corpori
1371 2336 1416 2403 ita
1429 2333 1475 2405 est
1489 2333 1647 2437 applicata
1656 2350 1672 2424 ,'
1689 2350 1728 2406 ut
1743 2332 1891 2437 collectis

543 2487 700 2565 formulis
716 2485 930 2590 integralibus
945 2481 1099 2587 expolitis
1117 2432 1245 2600 fiat-⁸5,-
1270 2482 1305 2574 ‘†·
1328 2430 1425 2603 &gf
1436 2518 1475 2558 =
1494 2514 1530 2569 ο.

971 2642 1411 2763 'coaorr.a

643 2837 716 2922 630.
742 2828 814 2900 Nili
829 2847 940 2899 autem
954 2825 1036 2893 haec
1050 2823 1238 2922 proprietas
1260 2819 1382 2895 locum.
1397 2822 1538 2910 habeat,
1565 2815 1691 2911 solutio
1703 2820 1888 2923 problema

543 2936 585 3004 tis
604 2924 711 3001 adhuc'
737 2928 841 3003 latet:
868 2930 1002 3023 hocque
1027 2940 1154 2994 tantum
1180 2920 1307 2995 constat
1330 2980 1341 3009 ‚
1381 2930 1596 3023 gyrationem
1617 2934 1691 2997 ‘nou
1710 2922 1791 2997 fieri
1809 2930 1888 2995 ciro

545 3056 663 3119 axem,
687 3035 745 3133 qui
758 3026 890 3127 sttusflsrt
909 3031 945 3098 iu
960 3020 1120 3126 plano-ad
1136 3020 1359 3097 directionem
1375 3030 1425 3097 uir
1445 3021 1825 3127 sollicitantis-normali.

1013 3193 1414 3274 sottottott.

644 3324 711 3411 631,
737 3322 867 3395 Mirum
888 3320 1005 3417 utique
1026 3315 1192 3390 uidebitur
1208 3332 1222 3407 ',
1255 3308 1448 3419 quodcum
1495 3325 1682 3421 raeparatio
1702 3344 1744 3395 eu
1757 3322 1888 3409 viribtu.

546 3450 626 3526 quaa
650 3429 717 3496 axis
742 3419 839 3523 supra
866 3415 1023 3493 sullinere
1043 3427 1196 3493 inventus
1223 3421 1299 3517 est,
1332 3427 1436 3522 petita
1462 3348 1769 3497 lblutionem·com
1799 3424 1889 3501 letan

570 3526 700 3597 olliceri
717 3523 755 3596 sit
773 3518 866 3610 visa,
893 3546 982 3593 nunc
996 3542 1107 3595 tamen
1123 3519 1244 3593 infiniti
1254 3516 1343 3593 casm
1358 3520 1599 3613 excludantur,
1613 3551 1698 3626 quoa
1715 3454 1889 3601 noilroso·

538 3554 633 3699 ¹llutio
648 3651 719 3697 non
736 3621 988 3724 complectatur.
1037 3627 1129 3696 Cum
1144 3628 1370 3701 enimuertum
1379 3622 1429 3713 lit,
1445 3624 1701 3701 conaerlionem
1714 3634 1808 3703 circa
1825 3626 1889 3702 nul·

545 3726 618 3800 lum
636 3727 737 3799 alium
754 3753 850 3798 axem
867 3725 941 3797 fieri
956 3719 1072 3824 polle,
1098 3723 1159 3796 nist
1182 3733 1240 3823 qui
1265 3723 1372 3796 nullas
1414 3726 1489 3800 lane
1504 3734 1592 3802 vites
1609 3724 1791 3822 sullineat,
1818 3756 1889 3833 pro·

545 3828 655 3902 blema
675 3844 722 3913 18.
736 3824 917 3926 perlectum
933 3823 1136 3898 solutionem
1154 3822 1362 3928 suppeditare
1385 3754 1548 3917 luberet,
1575 3827 1600 3901 fi
1623 3830 1764 3931 quidem
1787 3838 1798 3904 i
1826 3830 1889 3907 sum

545 3937 583 4003 in
604 3935 699 4003 omni
718 3927 910 4002 extensione
926 3922 1039 3999 suisset
1054 3923 1209 3999 solutum.
1281 3930 1410 4000 Verum
1433 3933 1541 4031 probe
1561 3931 1784 4006 notandume
1827 3992 1840 4023 ,
1863 3940 1890 4007 ia

546 4035 615 4106 hoc
630 4029 838 4133 problemate
861 4028 966 4101 nullas
990 4030 1069 4101 alias
1093 4032 1181 4103 vires
1202 4022 1267 4101 elle
1288 4022 1466 4118 affinitas,
1488 4030 1550 4104 nili
1570 4054 1713 4130 quarum
1735 4033 1890 4111 directio·

515 4207 520 4213 ,
546 4156 606 4209 nea
622 4138 831 4235 reperiantur
846 4138 882 4203 in
894 4130 1001 4231 plania
1015 4131 1057 4204 ad
1072 4156 1168 4203 axem
1190 4128 1396 4206 normalibus
1411 4190 1422 4221 ,
1444 4159 1522 4206 cum
1546 4151 1658 4207 tamen
1681 4143 1776 4212 virer
1795 4145 1888 4213 etiam

546 4235 699 4336 obliquae
715 4234 827 4309 induci
843 4228 1025 4333 potuiss'ent
1038 4288 1065 4325 ,Ι
1078 4229 1266 4305 dtunmodo
1281 4237 1369 4305 viret
1391 4239 1441 4307 aai
1457 4232 1632 4332 parallelae
1654 4237 1735 4312 inde
1752 4234 1887 4317 nataelt

544 4335 762 4414 destruerent.
819 4339 930 4433 Atque
947 4332 1014 4403 hoc
1029 4358 1146 4406 reuera
1161 4328 1221 4405 usu
1238 4338 1329 4406 uenit
1342 4339 1384 4421 in,
1398 4335 1520 4409 casibus
1542 4337 1704 4429 exolutis,
1738 4345 1799 4418 nbi
1824 4368 1886 4418 cnr·

543 4464 605 4542 pm
623 4443 755 4546 irritium
769 4437 1086 4543 gyrationisncapere
1099 4432 1305 4543 debetucirea
1320 4460 1426 4530 auctu,
1442 4446 1499 4543 qui
1516 4441 1561 4513 est
1576 4440 1756 4519 inclinatus
1773 4446 1819 4521 ad
1832 4444 1886 4549 pla·

1818 4570 1884 4624 nau
