4092 5134
209 318 248 443 Ϊ
343 444 348 459 -.
435 460 437 465 ,
531 401 744 485 106
868 336 1144 531 'caput-1.
1212 388 1295 529 ou
1323 385 1503 525 notu
1721 398 1725 423 ·

536 590 627 665 tione
647 579 974 665 sitdinere'ttale'aut,
1001 572 1324 673 etiatniianajot'ibu's
1348 578 1556 673 uiribusnon
1578 574 1774 661 residerent.
1825 582 1878 649 Ita

530 664 571 757 ’in
588 683 784 783 corporibus
802 678 984 781 ,quorum
997 697 1107 763 motus
1125 666 1183 751 liic
1195 678 1416 779 contemplari
1430 680 1552 751 inssitui
1566 736 1577 765 ,
1615 675 1780 771 ejusrnodi
1794 677 1881 753 strui

538 786 667 859 &trram
679 789 890 883 partiumque
905 806 1028 853 nexum
1045 782 1178 871 sistito,
1204 784 1305 881 quia
1330 782 1458 855 viribus
1477 808 1515 853 ea
1534 780 1609 850 odiu
1630 774 1880 853 sollicitantibus

539 878 662 957 tu'rbari
685 904 851 983 nequeat,
875 888 908 955 id
925 888 1061 952 minime
1076 908 1221 969 curans,
1243 878 1378 982 quando
1403 884 1442 953 ab
1464 882 1534 952 aliis
1556 882 1681 953 viribus
1708 878 1882 955 afficeren-

541 998 607 1062 tur:
659 990 747 1057 Hinc
765 983 803 1053 ad
822 990 908 1056 vires
932 982 1140 1055 sollicitantes
1158 986 1214 1055 hic
1237 980 1439 1083 potissimum
1456 990 1519 1056 erit
1534 982 1782 1069 attendendum,
1801 1010 1882 1085 qua-

542 1115 617 1160 rum
641 1084 789 1185 respec‘lu
814 1112 955 1185 corpora
979 1112 1042 1185 pro
1067 1082 1181 1189 rigidis
1206 1104 1305 1159 eruut
1329 1084 1500 1174 habenda,
1527 1112 1674 1185 quorum
1699 1110 1881 1187 compages

542 1216 656 1262 earum
670 1188 791 1259 odiloni
808 1182 880 1258 satis
903 1186 1051 1283 resiliat,
1077 1187 1201 1261 etiamsi
1212 1186 1498 1288 eschui-respestu
1514 1188 1653 1259 aliarum
1679 1195 1802 1260 virium
1820 1194 1883 1261 mi·

540 1297 632 1362 nime
644 1316 708 1390 pro
726 1285 840 1389 rigidis
858 1284 959 1361 essem
975 1288 1140 1368 trahenda.
1194 1292 1285 1363 Fieri
1306 1296 1419 1390 itaque
1439 1296 1583 1390 poterit,
1599 1309 1636 1361 ut
1660 1317 1720 1363 cor
1745 1317 1804 1363 ora
1828 1288 1885 1363 ad·

540 1389 680 1491 modum
709 1390 822 1461 mollia
846 1418 888 1471 ¹ac
912 1389 1032 1463 debilia
1054 1394 1151 1465 uobis
1173 1392 1237 1467 stnt
1260 1390 1391 1493 rigida,
1431 1392 1493 1463 alia
1516 1418 1600 1465 vero
1624 1419 1684 1489 pcr
1716 1318 1749 1465 ss
1773 1392 1885 1465 multo

532 1492 769 1571 ,dttriora'hiuc
785 1492 914 1565 excludi
929 1491 1113 1571 debeautn·
1134 1494 1247 1585 Quare
1262 1491 1342 1566 dum
1361 1514 1470 1589 motus
1485 1490 1679 1587 lmjusmodi
1689 1520 1886 1593 corporum

541 1595 797 1696 intelligamus,
828 1600 862 1665 iu
879 1603 978 1701 vires,
995 1596 1114 1697 quibus
1140 1624 1262 1697 eortttqi
1277 1614 1399 1695 compa
1425 1616 1458 1669 ts
1477 1604 1688 1697 pautiumque
1718 1602 1891 1691 connexio

543 1698 710 1785 afficitur,
746 1690 862 1769 sedulo
886 1690 1009 1797 inquiri
1030 1692 1233 1795 conveniet,
1260 1720 1297 1770 ut
1320 1624 1561 1800 intelligamus,
1583 1717 1704 1798 quauta
1727 1697 1886 1773 firmitate

540 1801 580 1875 srt
594 1826 702 1901 opus,
726 1817 763 1869 ut
783 1797 891 1899 figura
922 1796 1150 1879 conservetur.
1201 1808 1272 1875 Cor
1298 1809 1462 1903 usigitur
1494 1820 1531 1873 ut
1560 1796 1706 1903 rigidum
1731 1798 1887 1902 spoliabi·
1913 1860 1921 1871 .

473 1946 479 1971 .
540 1929 639 1988 min,
665 1896 800 2000 quando
817 1928 920 1974 nexus
936 1910 1022 1977 inter
1038 1910 1232 2003 ejus‘p'artes
1259 1829 1330 1976 stis
1349 1904 1400 1977 eil
1419 1904 1564 1990 firmus,
1587 1922 1625 1975 ut
1651 1928 1697 1976 ne
1724 1904 1793 1978 duo
1814 1892 1887 2007 q'ui·

539 2002 616 2075 dem
639 2000 837 2073 elerneutaa
856 2005 1008 2101 viribus,
1047 2032 1127 2106 quas
1150 2004 1226 2080 adiu
1250 2001 1406 2095 snsliuet,
1443 2006 1497 2077 vel
1521 2010 1661 2107 propius
1684 2004 1725 2079 a'd
1749 2000 1783 2081 se
1804 2012 1889 2080 iuvi·

536 2131 616 2179 cem
632 2108 708 2205 cogi
725 2158 735 2190 ,
762 2102 816 2175 vel
833 2102 1046 2206 lougius-ase
1065 2114 1212 2181 invicem
1234 2106 1349 2181 divelli
1366 2129 1499 2211 queant.

989 2232 1389 2371 ‘''scu'otrou

648 2406 718 2493 2⁶4.
739 2404 870 2501 Corpus
889 2425 974 2501 ergo
994 2398 1141 2503 rigidum
1171 2400 1274 2473 alium
1302 2420 1437 2473 motum
1465 2402 1615 2495 recipere
1640 2403 1792 2498 nequit,
1835 2396 1893 2473 nili

548 2530 617 2606 quo
635 2513 748 2575 onmia
771 2511 839 2598 ejus
854 2504 975 2602 puntia
996 2501 1127 2577 easdem
1149 2522 1315 2604 perpetuo
1333 2510 1421 2574 inter
1444 2496 1479 2571 se
1498 2497 1663 2573 distantias
1679 2494 1894 2576 conservant:

551 2603 662 2683 nihilo
683 2632 765 2679 vero
793 2612 903 2689 suiuus
920 2604 993 2697 ,tale
1019 2633 1142 2706 corpus
1161 2605 1375 2677 infinitorum
1403 2621 1557 2674 motuum
1584 2602 1629 2671 eil
1658 2628 1784 2703 capax,
1815 2602 1895 2675 dnm

426 2724 450 2803 Ι·
541 2713 643 2801 cuim
659 2703 743 2787 adeo
767 2734 871 2801 unum
893 2705 1029 2807 aliquod
1050 2716 1119 2803 eius
1142 2708 1302 2807 ptutdlnm
1324 2698 1489 2807 quiescit,
1515 2700 1604 2774 aliud
1629 2729 1689 2802 per
1718 2700 1895 2777 circumfe-

553 2816 695 2897 rentiam
714 2805 871 2909 sphaeqae
894 2806 1106 2901 circumferri
1129 2808 1264 2907 potest,
1290 2827 1324 2879 et
1343 2802 1654 2907 quomodocunque
1673 2808 1739 2877 hoc
1761 2832 1895 2907 tarouca·

553 2932 635 3004 tur,
660 2916 796 2979 tertium
814 2906 949 3006 aliquod
963 2912 1123 3006 puuctum
1137 2908 1207 2980 stve
1223 2908 1363 2979 celerius
1389 2906 1454 2978 sive
1475 2904 1599 2977 tardius
1625 2912 1759 2979 moveri
1802 2906 1894 2995 oteii,

555 3031 593 3083 ut
610 3009 777 3080 tamenab
800 3006 864 3078 illis
879 3004 1008 3080 duobus
1029 3008 1154 3083 debitas
1177 3008 1343 3082 distantias
1363 3003 1482 3080 servet.
1532 3010 1584 3079 Ex
1601 3034 1670 3108 quo
1689 2934 1895 3111 inteldgittrr,

555 3110 580 3184 si
596 3106 725 3181 nullum
738 3108 899 3209 pundlutn
922 3107 1092 3209 quiescat,
1118 3108 1227 3183 adhuc
1240 3109 1348 3182 multo
1362 3118 1528 3205 majorem
1542 3108 1618 3183 fore
1634 3128 1791 3183 mottuun
1814 3110 1895 3185 mul·

554 3211 763 3311 tiplicitatem
779 3217 876 3313 ,qui
892 3210 1027 3313 quidem
1042 3222 1078 3287 in
1100 3226 1247 3309 corpote
1267 3207 1368 3287 inesse
1385 3210 1506 3312 possint
1521 3238 1531 3283 ι
1557 3218 1696 3313 cognito
1710 3232 1824 3288 autem
1842 3219 1897 3287 tii·

556 3341 615 3389 um
637 3315 840 3414 puudlorum
862 3340 933 3387 non
955 3320 990 3387 in
1004 3314 1170 3389 diredlum
1187 3314 1327 3389 litorum
1347 3334 1472 3404 motu,
1504 3312 1715 3413 reliquorum
1745 3322 1898 3391 omniurn

556 3418 624 3489 hoc
643 3416 689 3489 cst
705 3434 817 3507 motus
834 3423 937 3491 totius
952 3424 1105 3518 corporis
1122 3413 1310 3492 innotescit.
1359 3420 1451 3489 Inter
1472 3440 1590 3487 omues
1616 3438 1728 3489 aurem
1746 3420 1813 3491 lios
1825 3444 1898 3491 mo·

557 3537 607 3589 tus
627 3522 653 3590 is
674 3516 719 3591 eil
739 3514 1019 3615 simplicissimus,
1049 3546 1119 3621 quo
1142 3519 1268 3623 singulo
1291 3523 1452 3617 corporis,
1465 3516 1588 3617 punita
1608 3514 1788 3613 secuudum
1813 3521 1899 3595 dirc-

557 3621 686 3691 dliones
708 3626 796 3689 inter
819 3614 852 3689 se
883 3620 1053 3719 parallelas
1079 3623 1209 3723 paribus
1235 3618 1457 3694 celeritatibus
1485 3624 1606 3719 quovis
1635 3628 1800 3723 temporis
1830 3648 1901 3695 mo·

555 3739 670 3792 mento
685 3741 954 3818 promoventur:
985 3724 1042 3793 tali
1069 3729 1159 3797 enirn
1182 3741 1277 3795 motu
1298 3718 1378 3793 litus
1403 3721 1561 3793 relativus
1583 3731 1737 3797 omnium
1759 3730 1900 3827 particu-

554 3819 664 3894 larum
679 3828 872 3921 neutiquam
892 3824 1050 3898 nubatur.
1101 3828 1212 3925 Atque
1231 3826 1298 3896 hoc
1321 3840 1436 3899 motus
1457 3850 1591 3927 genus,
1612 3830 1706 3930 quod
1727 3832 1765 3901 iu
1786 3832 1903 3901 ornuit

556 3944 701 4025 corpora
716 3920 828 4021 cadit,
858 3932 1042 4001 accuratius
1067 3922 1346 4029 contemplemur.

979 4132 987 4150 .
1053 4084 1343 4155 DEHNITIO.
1377 4100 1407 4149 2.

634 4224 724 4320 ἰός.
748 4226 857 4301 Motus
871 4234 1080 4332 progreffloas
1104 4230 1176 4319 eu,
1203 4255 1273 4331 qno
1301 4226 1428 4403 lingula
1453 4230 1607 4325 corporis
1629 4228 1751 4326 puudla
1773 4234 1907 4331 poribus

557 4324 778 4403 celeritatibus
800 4326 980 4402 secundum
1008 4330 1211 4404 diredlioucs
1237 4338 1377 4431 interne
1404 4326 1575 4429 parallelos
1599 4334 1720 4433 quovis
1743 4342 1907 4439 temporit

559 4449 738 4507 momento
754 4451 1013 4533 promoventur.

1838 4538 1908 4615 cd
