4092 5134
396 478 401 489 ·
508 448 606 545 us
657 430 854 519 curer
876 430 952 561 m
1011 428 1090 519 ne
1118 430 1298 521 utoru
1324 369 1718 521 Tuneturmm
1734 428 1816 516 uc.

531 628 691 704 ommno,
717 615 805 689 unde
824 618 879 689 bie
897 638 1006 690 motus
1022 616 1183 720 cognosci
1194 612 1322 721 pollet,
1337 616 1537 695 concludere
1554 618 1733 693 ualeamus·
1763 609 1883 715 Quod·

529 724 658 801 liuere
684 724 780 815 hujus
803 740 915 791 motus
942 718 1050 793 causas
1075 722 1185 793 ubiter
1209 740 1337 793 tantum
1360 722 1656 821 contemplemurg
1681 714 1821 795 euidens
1838 716 1884 787 eil

532 847 687 905 centrum
705 827 840 893 inertiae
856 826 870 893 l
887 848 954 893 non
980 830 1012 893 in
1039 824 1127 893 reela
1153 840 1281 894 tantum
1313 822 1488 911 verticuli,
1514 842 1550 893 nt
1571 838 1701 893 remota
1724 814 1885 889 frie‘linne

534 926 707 999 eveniebat
725 980 737 1011 ,
764 918 939 994 al'certdere
955 924 1006 995 vel
1028 921 1229 997 descendere
1247 980 1257 1009 ,
1275 918 1339 1023 ¹sed
1358 930 1461 995 «iam
1481 944 1616 995 tuonun
1632 918 1886 1019 horizontaletu

534 1024 666 1129 adipisci
684 1083 693 1113 ‚
717 1030 773 1127 qui
790 1030 931 1097 oritura
948 1031 979 1095 vi
998 1024 1177 1113 frittiouis,
1193 1032 1285 1117 eujus
1302 1020 1445 1097 direriio
1467 1052 1546 1097 cum
1566 1022 1607 1097 sit
1623 1026 1792 1095 contraria
1810 1046 1886 1091 mo·

534 1136 582 1199 tui
601 1124 767 1227 cuspidis,
794 1142 902 1195 motus
920 1132 1025 1197 centri
1042 1133 1181 1199 inertiae
1199 1119 1380 1197 seeumlum
1396 1124 1537 1199 candem
1563 1120 1788 1197 diredlionem
1803 1126 1886 1192 inei·

533 1250 619 1303 tatur
637 1288 645 1314 ‚
674 1224 761 1300 unde
776 1250 884 1325 neque
899 1224 1077 1297 uniturnris
1095 1254 1204 1327 neque
1220 1226 1410 1301 redlilineus
1426 1234 1492 1301 erit
1509 1282 1520 1313 ,
1543 1246 1577 1301 et
1592 1245 1755 1327 quatenus
1773 1230 1886 1293 incur-

536 1354 655 1413 vatur,
677 1336 745 1421 ejus
763 1332 954 1399 convexitas
972 1335 1005 1399 in
1025 1355 1097 1399 eam
1112 1334 1287 1429 regionem
1305 1322 1487 1428 spesi-abit,
1509 1335 1544 1400 in
1561 1354 1660 1427 quam
1675 1322 1784 1423 cuspis
1801 1350 1885 1421 pro-

535 1428 696 1533 greditur.
749 1426 855 1499 Simili
872 1426 975 1499 modu
996 1437 1097 1501 etiam
1118 1446 1230 1501 motus
1250 1434 1438 1529 gurrutorius
1466 1451 1533 1501 tam
1555 1438 1691 1501 ratione·
1705 1426 1886 1499 celeritatis

535 1558 634 1633 quiam
659 1535 789 1601 ratione
806 1536 871 1599 axis
893 1538 1079 1629 gyratiouis
1101 1535 1247 1601 tttaxime
1269 1530 1539 1629 perturbabitur,
1561 1527 1603 1601 de
1626 1554 1695 1633 quo
1716 1533 1774 1599 virt
1793 1532 1886 1627 quic·

536 1660 637 1735 quam
655 1628 974 1705 ex'constderatione
991 1628 1159 1704 scissionis
1171 1627 1339 1705 affirtuare
1356 1632 1453 1729 licet.

1026 1800 1349 1875 SCHOLION.
1392 1824 1431 1885 a.

538 1924 552 1945 ”
648 1946 731 2014 1037.
757 1926 886 1995 Verum
911 1923 992 1991 haec
1021 1940 1109 1992 tanta
1132 1936 1242 1989 motus
1266 1918 1475 2017 perturbatio
1500 1916 1625 1991 tamdiu
1647 1914 1806 1991 duntaxat
1828 1912 1888 1989 du·
1914 1909 1917 1916 ’

537 2046 588 2099 rat
605 2084 615 2113 ‚
638 2024 746 2096 donec
762 2024 875 2095 stielio
890 2017 988 2095 cessate
1005 2078 1015 2107 ,
1042 2024 1110 2091 hoc
1126 2040 1238 2091 autem
1257 2019 1391 2092 tandem
1404 2016 1553 2097 ¹euenire
1575 2020 1696 2095 debere
1713 2046 1775 2119 per
1794 2014 1888 2091 scell

432 2190 435 2195 .
538 2126 710 2218 evidens,
751 2120 1022 2223 qtraudoquidem
1051 2140 1161 2191 motus
1193 2122 1238 2191 ob
1266 2118 1461 2196 srit‘lionem
1493 2128 1657 2195 continno
1688 2116 1888 2195 retardatur.

539 2233 583 2301 At
604 2225 719 2299 sridlio
735 2218 856 2297 cessate
880 2226 1019 2323 nequit,
1042 2220 1103 2293 nili
1126 2216 1233 2320 cuspis
1255 2224 1394 2295 turbinis
1419 2232 1454 2297 in
1478 2220 1602 2295 eodem
1626 2222 1705 2295 loco
1728 2222 1889 2323 persistat,

539 2354 579 2401 ex
592 2354 665 2429 quo
678 2320 807 2397 necetle
823 2324 867 2395 esi
885 2343 1017 2395 motum
1032 2328 1075 2395 ita
1096 2328 1275 2423 temperari
1292 2320 1433 2411 debere,
1457 2343 1494 2396 ut
1509 2320 1615 2423 cuspis
1633 2324 1815 2397 tandemin
1831 2348 1889 2395 eo·

537 2426 616 2503 dem
636 2428 724 2528 piniti
739 2426 864 2525 ptrnsio
880 2425 920 2497 stt
933 2420 1223 2522 perseveraturus,
1247 2422 1437 2499 dummodo
1451 2428 1517 2497 hoe
1535 2433 1684 2517 eveniat,
1710 2444 1892 2525 antequam

537 2533 636 2604 turbo
650 2528 857 2628 procumbat.
915 2528 948 2597 Si
966 2530 1057 2597 enim
1072 2525 1198 2597 turbini
1222 2531 1334 2625 primo
1357 2548 1468 2599 motus
1484 2534 1674 2627 gyratorius
1697 2532 1802 2599 nimis
1823 2546 1889 2597 tar·

538 2631 599 2705 dus
617 2628 718 2703 suerit
735 2622 927 2729 impressus,
947 2624 1084 2699 'nullum
1099 2626 1146 2697 est
1163 2622 1312 2715 dubitmt,
1327 2639 1409 2728 qtriu
1424 2630 1630 2730 procumbat,
1650 2650 1726 2702 ante
1753 2642 1832 2699 nain
1850 2626 1889 2698 il·

538 2732 596 2807 lud
612 2734 872 2833 phaenomenon
893 2732 1044 2802 otiante:
1071 2755 1110 2801 ex
1127 2755 1197 2829 quo
1214 2726 1350 2800 vicissim
1367 2728 1570 2813 concludere
1594 2730 1670 2803 licet
1690 2788 1700 2818 ‚
1725 2656 1749 2801 st
1774 2748 1888 2801 motus

540 2834 616 2909 satis
633 2831 733 2905 suerit
763 2832 862 2918 celer,
888 2826 989 2917 sore,
1015 2848 1052 2900 ut
1076 2852 1254 2931 antequam
1284 2832 1384 2905 turbo
1409 2834 1630 2933 procumbat,
1654 2828 1763 2933 cuspis
1787 2858 1807 2901 a
1829 2826 1890 2903 sri-

541 2938 653 3008 clione
669 2932 709 3005 ad
726 2932 814 3005 idem
825 2932 910 3029 plani
927 2930 1145 3003 ltoriznntalis
1163 2932 1326 3031 puuslum
1344 2934 1525 3035 redigatur.
1552 2932 1654 3033 Quid
1669 2962 1747 3007 cum
1763 2958 1886 3024 erene-

540 3046 609 3131 rit,
630 3056 727 3135 utque
743 3041 777 3105 in
794 3034 925 3105 turbine
944 3032 1051 3103 adlmc
1069 3054 1181 3105 motus
1198 3032 1273 3105 insit
1289 3044 1506 3135 gyratorius,
1532 3032 1817 3135 exsuperioribus
1834 3060 1888 3135 pa-

539 3156 587 3209 tet
606 3192 615 3231 ‚
640 3162 734 3207 axem
750 3136 889 3207 turbinis
910 3133 1103 3206 verticalem
1120 3130 1185 3207 ell'e
1204 3132 1351 3226 debere;
1375 3138 1507 3211 sienim
1521 3132 1601 3211 esset
1615 3136 1804 3223 inclinatus,
1818 3134 1891 3208 nul·

541 3239 576 3315 lo
593 3236 700 3310 inodo
719 3244 762 3307 ita
778 3242 891 3337 gvrari
909 3230 1044 3333 posset,
1073 3254 1110 3309 ut
1125 3232 1232 3335 cuspis
1250 3234 1361 3309 eidem
1386 3239 1513 3339 punito
1536 3237 1709 3312 instllerct.
1762 3240 1817 3307 Ex
1840 3240 1888 3309 bis

541 3346 643 3429 igitur
659 3340 845 3433 conjunslis
864 3341 948 3409 hanc
967 3334 1221 3409 conclusionem
1234 3334 1430 3415 deducimus
1449 3366 1460 3417 t
1484 3342 1673 3427 turbinem,
1693 3336 1840 3411 simodo
1855 3341 1885 3409 ei

540 3420 615 3513 satis
631 3440 720 3512 celer
742 3460 854 3513 motus
880 3444 1071 3539 gyratorius
1097 3434 1200 3511 fiterit
1229 3434 1441 3539 impressus,
1483 3441 1527 3513 ob
1553 3438 1749 3513 srislionem
1770 3436 1804 3513 se
1822 3460 1890 3527 tan·

541 3540 619 3611 dem
637 3548 672 3612 in
685 3541 784 3612 fitum
799 3538 991 3616 verticalcm
1006 3545 1165 3641 erigere,
1186 3557 1221 3613 et
1237 3558 1308 3613 tum
1329 3547 1418 3616 cirea
1432 3567 1527 3614 axem
1543 3542 1737 3615 verticalem
1759 3561 1892 3615 sinotum
1929 3564 1931 3587 ¹

541 3650 752 3742 gyratorium
770 3636 835 3716 ess'e
852 3648 1131 3715 continuaturum.
1188 3639 1291 3731 Quod
1306 3644 1570 3743 phaenomcnon
1583 3670 1625 3717 eo
1641 3646 1747 3741 magis
1768 3642 1814 3715 esi
1833 3668 1893 3715 no·
1918 3652 1922 3657 '

542 3745 660 3814 tutudi
686 3772 795 3831 num,
822 3742 912 3845 quod
938 3738 998 3814 soli
1015 3738 1167 3814 sriuioni
1188 3741 1378 3836 debeatur3
1404 3752 1449 3817 ita
1475 3763 1512 3817 ut
1538 3770 1604 3844 ope
1625 3742 1794 3817 friebonis
1810 3742 1895 3841 linea
1929 3774 1931 3785 ·

543 3770 732 3931 verticalis,
762 3842 906 3946 ideoque
922 3850 1023 3917 etiam
1062 3844 1174 3917 lanum
1193 3846 1408 3921 horizontale
1423 3848 1570 3921 obtineri
1585 3837 1684 3949 queat
1704 3874 1714 3934 ς
1742 3844 1777 3917 id
1801 3840 1894 3945 quod

543 3952 577 4015 in
594 3950 808 4043 navigatione
829 3971 986 4046 magnum
1003 3870 1101 4021 usim
1116 3946 1240 4019 babere
1261 3948 1398 4049 potest,
1417 3946 1458 4021 ud
1473 3975 1575 4053 quem
1593 3953 1692 4024 etiam
1705 3948 1752 4051 ‘itt
1775 3946 1895 4051 Anglia

547 4044 629 4117 olim
651 4040 715 4119 suit
743 4045 1027 4125 comulendattun.
1929 4072 1931 4125 t
