4092 5134
466 444 542 531 DE
568 376 878 533 FRICTIONE
895 448 972 532 'IN
1004 446 1248 538 GENERE.
1293 454 1298 467 '
1453 456 1560 555 4'53'
1647 542 1651 549 ,

280 756 354 821 972
383 730 508 827 Qnodfi
527 759 609 832 ergo
627 760 747 831 corpus
770 741 887 807 dBCl)
906 745 936 805 vi
958 660 1041 807 =3P
1059 735 1098 808 ad
1122 732 1331 831 superficiem
1352 739 1513 831 apprima-
1537 746 1608 842 Fig.
1633 762 1700 833 ¹25·

174 852 252 927 tur,
281 860 317 903 ae
335 830 429 931 snper
445 861 480 903 ea
497 836 624 906 incedat
643 841 677 907 in
692 838 876 908 direc‘iione
893 843 966 922 BF,
992 835 1105 910 friciio
1122 842 1239 910 erit:
1257 827 1300 909 δῖ’
1321 832 1514 927 (denotante

126 1024 131 1033 .
174 926 206 1011 α’
214 932 341 1035 partem
360 930 456 1004 illam
466 942 705 1031 memoratam).
719 965 782 1038 qua
801 964 921 1037 eorpus
945 935 1127 1013 secundum
1143 938 1366 1010 directionem
1382 934 1513 1037 uppofi·

174 1057 247 1135 triu
264 1040 323 1109 ΛΕ
336 1036 526 1109 retrahitur.

643 1190 965 1261 SCHOLION.
1019 1209 1044 1261 1.

275 1360 347 1429 973.
373 1339 466 1407 Haec
480 1330 648 1417 manifesta
664 1334 737 1409 sunt
754 1396 763 1424 ,
792 1336 926 1436 qnando
944 1365 1064 1435 corpus
1081 1355 1184 1431 motu
1200 1337 1407 1435 progrediro
1425 1344 1512 1416 ince-

175 1432 228 1507 dit
251 1430 347 1535 super
374 1434 571 1534 superficie,
604 1464 672 1535 qno
696 1438 770 1509 casu
791 1440 906 1511 frictio
931 1462 1042 1510 motus
1066 1435 1243 1509 directioni
1266 1441 1310 1510 est
1333 1446 1512 1515 contraria.

174 1539 345 1639 Vertmrsr
367 1564 485 1635 corpus
505 1533 636 1636 insuper
662 1542 777 1611 lrabeat
799 1565 930 1611 motum
952 1546 1141 1638 qnempiam
1158 1546 1377 1640 geratoritrm,
1399 1538 1513 1611 viden-

174 1636 258 1710 dum
276 1640 340 1733 ed,
356 1645 388 1709 in
406 1666 547 1737 quanam
562 1639 748 1712 directione
765 1643 842 1713 bah's
862 1638 1068 1738 superficiem
1081 1662 1175 1727 terat,
1191 1646 1334 1740 huicque
1350 1649 1413 1733 erit
1430 1667 1512 1711 con-

137 1772 144 1781 ·
173 1742 276 1813 traria
292 1736 458 1811 frictionis
474 1742 642 1827 directio,
668 1750 757 1835 cujus
774 1748 936 1841 quantitas
954 1768 1030 1812 cnm
1047 1770 1085 1814 ex
1108 1742 1272 1842 preffione
1294 1742 1440 1825 corridet,
1463 1736 1511 1810 ef·

128 1840 135 1853 ⁸
173 1840 286 1939 fectus·
298 1838 518 1911 frictionis'in
533 1860 630 1911 motu
642 1850 793 1940 corporis
813 1844 1037 1942 perturbando
1052 1871 1092 1913 ex
1107 1849 1277 1943 principiis
1300 1840 1396 1939 snpra
1416 1840 1511 1911 dabi—
1589 1906 1596 1917 ‚

174 1942 241 2015 litis
265 1942 396 2013 definiri
419 1947 552 2036 poterit.
623 1945 783 2014 Ceterum
814 1942 1105 2043 quemadmodum
1123 1943 1237 2015 fr'ictio
1261 1970 1277 2013 a
1303 1938 1374 2013 [οἷο
1400 1948 1511 2013 attritu

162 2038 327 2143 'corporis
344 2062 376 2113 et
390 2039 575 2139 superficiei
600 2048 733 2129 oritur,
754 2066 842 2142 patet
866 2044 889 2115 si
910 2072 1031 2135 corpus
1055 2051 1099 2116 ita
1122 2042 1292 2141 volvendo
1313 2068 1512 2141 promovea-

171 2166 257 2233 tur,
279 2166 316 2215 nt
343 2142 452 2237 nullus
479 2148 609 2215 attritus
639 2144 776 2239 exiliat,
801 2144 988 2239 crrjrtsmodi
1020 2166 1130 2217 motus
1153 2144 1349 2245 provolutio
1365 2140 1513 2243 perfecta

128 2310 130 2317 .
169 2264 343 2338 vocante,
363 2241 451 2315 nulla
476 2250 579 2313 etiam
600 2240 713 2315 srictio
739 2245 849 2315 locum
875 2247 1034 2326 habebit:
1059 2246 1255 2345 iinmlatqne
1271 2267 1381 2316 autem
1404 2265 1513 2317 motus

168 2338 362 2433 eol'utorius
381 2343 510 2417 tantillo
527 2340 627 2414 suerit
643 2345 787 2416 celerior
801 2344 852 2417 rel
873 2344 1021 2433 tardior,
1047 2374 1146 2445 qnam
1163 2346 1217 2415 illa
1237 2344 1388 2417 conditio
1402 2348 1513 2442 postu·
1536 2348 1541 2356 ’

169 2448 218 2521 lat
238 2504 252 2535 ,.
277 2446 384 2545 sicque
403 2451 533 2515 attritus
551 2441 613 2515 sese
630 2440 828 2533 admisceat,
854 2447 980 2533 etiamsi
1005 2447 1043 2518 lit
1062 2454 1245 2531 minimm,
1270 2467 1380 2517 tamen
1404 2446 1510 2517 ssatim

156 2546 282 2639 ¹subito
298 2546 392 2645 plena
406 2544 516 2617 frictio
557 2555 574 2613 ι’
594 2542 751 2617 effectum
769 2544 861 2617 sunm
879 2557 991 2621 exerit.
1050 2550 1161 2639 Quare
1180 2550 1408 2645 phaenomena
1427 2552 1507 2617 hinc

167 2672 246 2723 orta
264 2654 300 2721 in
324 2668 434 2718 entem
451 2642 564 2717 [ritum
589 2650 758 2747 implicare
783 2648 929 2736 debent,
957 2676 1033 2719 cnm
1059 2676 1121 2747 pro
1145 2668 1233 2719 certa
1260 2668 1371 2719 motus
1400 2644 1507 2743 specie

167 2676 414 2831 curnisdrietio
430 2743 538 2818 subito
556 2750 714 2839 tollatur,
742 2750 823 2821 dum
843 2774 950 2823 antem
965 2771 1078 2823 mutus
1101 2749 1268 2821 tantillum
1291 2745 1369 2821 inde
1386 2746 1507 2821 disere·

165 2872 260 2956 pat„
276 2850 382 2950 pleno·
394 2842 520 2921 effectu.
532 2849 626 2931 adsit.

654 3007 683 3077 S
694 3011 720 3077 C
732 3011 769 3077 H
782 3008 806 3073 0
825 3006 847 3073 L
865 3005 884 3071 Ῑ
896 3006 920 3073 0
935 3008 973 3073 N.
1024 3024 1054 3072 2.

177 3152 179 3157 ’
276 3136 352 3245 ῥ74.
378 3152 507 3254 indigne
522 3150 638 3223 calculi
655 3138 889 3251 compendium
909 3156 986 3222 irinc
1004 3150 1268 3250 consequimur,
1290 3150 1382 3251 qnod
1396 3148 1508 3249 frictio

147 3311 149 3315 .
168 3270 239 3325 tem
253 3249 444 3353 [impliciter
464 3259 678 3355 exprimitur,
698 3274 730 3325 et
748 3283 764 3322 a
783 3250 848 3322 sola
863 3252 1027 3350 prefi'mne
1045 3258 1068 3323 P
1083 3280 1160 3323 cnm
1176 3249 1341 3333 fractione
1358 3253 1389 3337 ὃ,
1406 3278 1506 3351 quam

167 3352 324 3453 asperitas
352 3353 497 3443 definit,
533 3354 683 3453 pendet3
707 3353 731 3425 sr
755 3362 844 3426 enim
871 3353 1004 3453 insuper
1032 3382 1096 3424 ram
1120 3382 1136 3422 a
1157 3354 1327 3424 celeritate
1352 3356 1504 3450 corporis

168 3482 270 3557 quam
288 3458 327 3527 ab
346 3464 413 3549 ejus
430 3457 491 3528 baii
508 3452 680 3552 penderet,
701 3451 796 3525 facile
812 3462 846 3526 in
861 3455 1004 3527 calculos
1026 3455 1267 3527 inertricabiles
1283 3454 1503 3524 illaberemnr.

168 3562 220 3629 Ac
240 3555 439 3629 ficalculnm
455 3556 495 3629 ad
514 3563 627 3642 praxin
646 3556 863 3627 accomodare
879 3558 1018 3628 velimus
1036 3617 1046 3643 ,
1073 3578 1182 3626 totum
1199 3562 1374 3637 negotium
1392 3553 1430 3624 ad
1449 3581 1504 3623 va-

166 3658 280 3731 lorem
302 3657 472 3731 fractionis
496 3650 705 3735 dreducinrr
729 3714 738 3741 ‚
781 3684 881 3756 quem
907 3668 1007 3731 unico
1036 3646 1265 3753 experimento
1289 3654 1505 3756 prostragulis

166 3780 355 3859 corporum
380 3762 555 3860 generibus
579 3752 743 3859 affignaffe
769 3754 892 3827 difficit.
950 3764 1014 3830 Pro
1034 3760 1231 3855 corporibus
1254 3780 1365 3829 antem
1387 3758 1504 3857 ligneis

167 3865 393 3959 experimenta
410 3860 587 3934 oflendunt
604 3858 732 3932 litterae
755 3848 777 3935 d
799 3859 947 3930 valorem
977 3867 1109 3933 circiter
1135 3870 1159 3951 ξ
1183 3860 1283 3930 tribui
1306 3857 1454 3943 debere,
1481 3855 1505 3926 fi

191 3960 303 4034 uidem
319 3988 439 4034 eornm
456 3960 644 4064 superficies
672 3958 888 4033 mediocriter
912 3960 1012 4047 fucrit
1036 3960 1170 4047 dolata,
1198 3960 1246 4032 fin
1267 3983 1378 4035 autem
1401 3964 1505 4057 tnagis

164 3990 206 4137 dt
223 4062 313 4135 rudis
330 4086 362 4138 et
379 4062 513 4163 aspera,
540 4070 703 4153 majorem
719 4062 869 4134 valorem
890 4058 1022 4135 sortitur
1041 4122 1050 4151 ‚
1088 4060 1373 4161 queamdmodum
1390 4090 1407 4133 e
1424 4088 1503 4133 con·

164 4172 272 4238 trar'io
299 4193 443 4267 corpora
471 4163 637 4238 metaliica
664 4164 769 4263 probe
791 4164 893 4261 polita
917 4192 980 4261 pro
1006 4165 1114 4235 littera
1144 4154 1168 4237 d
1190 4164 1389 4239 fractionem
1406 4177 1430 4256 ἦ
1449 4158 1504 4229 ad-

167 4294 276 4371 eoque
305 4278 473 4343 minorem
498 4266 648 4369 exig'nnt.·
710 4266 837 4336 Vernm
865 4292 903 4336 ex
929 4264 1137 4367 sequentius
1161 4270 1306 4352 timebit,
1330 4262 1504 4363 quomodo

164 4376 287 4471 quovis
304 4366 376 4442 casn
393 4400 453 4473 per
469 4376 694 4469 experimenta
709 4374 912 4439 conveniens
927 4350 1136 4443 fractionisd
1154 4372 1315 4469 quantitas
1337 4363 1431 4435 saciic
1449 4386 1505 4431 ex-

162 4470 290 4573 plorari
304 4494 413 4575 queat.
468 4474 682 4574 Experientia
697 4491 806 4545 autem
830 4468 1035 4565 didicimus,
1058 4468 1186 4547 nullam
1211 4463 1424 4541 suuerficiem
1445 4488 1505 4537 ne-

780 4570 883 4669 Lil3
1341 4624 1346 4633 .
1411 4590 1471 4687 'qr
