4092 5134
162 330 202 357 ⁸
249 400 252 409 ·
300 340 759 496 ‚consummo
783 384 1005 488 Morus-
1031 397 1097 494 ιΝ
1124 366 1371 497 nauum
1479 426 1533 523 ις
1644 498 1650 516 ,

360 652 364 661 .
462 638 467 661 .
571 648 579 655 ἢ
680 586 1013 682 conctusa
1085 582 1106 631 ⁵
1431 612 1436 621 ’

277 780 334 851 49.
360 734 493 856 Duplex
524 783 606 860 ergo
634 763 718 833 haec
748 762 922 867 translatio¹
941 764 1015 865 per
1031 762 1245 869 spatiola‘dx
1269 742 1309 838 ¹et
1336 765 1382 863 dy
1409 752 1525 843 verani

174 856 428 932 translationem
445 886 485 933 ex
508 864 530 932 S
549 869 585 932 in
599 886 691 962 sper
707 858 883 963 spatiolum
898 868 945 937 Ss
963 895 1005 935 :a
1019 866 1060 940 dr
1076 873 1122 939 ita
1140 863 1294 958 ostendit,
1314 887 1351 941 ut
1376 886 1445 944 tarn
1458 877 1527 968 ejus

170 966 396 1069 quantitatem
409 957 533 1067 ipsam,
560 989 663 1066 quam
679 961 904 1077 diredlionem
919 963 1082 1053 declaret,
1214 1004 1221 1037 r
1351 959 1357 972 ’

696 1148 1021 1245 conoul.a
1119 1246 1122 1251 ι
1214 1176 1217 1181 ·
1323 1174 1326 1179 ·

276 1329 327 1398 50.
355 1312 415 1381 Sin
430 1326 543 1384 autem
558 1276 684 1383 mobile
702 1313 910 1412 ternpuseulo
926 1314 965 1390 dr
980 1310 1114 1414 spatiola
1129 1312 1232 1389 dx'et
1256 1269 1439 1408 dy'revera
1453 1336 1530 1411 per·
1609 1324 1614 1333 '

175 1464 350 1532 curreret,
380 1455 449 1542 ejus
471 1444 621 1565 celeripns
647 1444 761 1522 futura
782 1444 863 1524 ess‘et
878 1412 984 1581 get
1007 1416 1078 1581 3-{2
1104 1434 1279 1553 exquibus
1295 1448 1528 1539 celeritatibus,
1559 1546 1574 1558 η

172 1617 292 1670 mente
307 1603 497 1773 conceptis,
513 1572 584 1675 nola
605 1598 715 1697 solum
732 1627 812 1676 vera
829 1599 982 1675 celeritas
998 1627 1067 1703 per
1075 1597 1255 1703 spatiolum
1271 1603 1320 1673 Ss
1332 1601 1441 1700 ads,
1470 1599 1530 1675 sed

177 1701 394 1802 etiaut'hujus
436 1700 556 1777 iredio
570 1700 748 1795 indicatur.

613 1890 631 1971 f
687 1892 928 1992 europa
984 1919 1017 1984 4
1120 1873 1126 1883 '

279 2082 322 2152 51·
349 2063 493 2151 Siinter
518 2057 822 2141 birras'diredlrices
846 2018 966 2149 ones
982 2061 1041 2132 OB
1057 2057 1197 2160 angulus
1219 2051 1530 2168 AOBzzconili·
1616 2034 1618 2041 Ι

176 2177 291 2233 tuetur
311 2161 438 2259 redlus,
461 2160 604 2235 calculus
625 2162 664 2236 fit
687 2158 951 2264 simplicissimus.
1000 2162 1098 2233 Tum
1121 2166 1212 2235 enirn
1235 2186 1278 2238 ex
1294 2160 1467 2235 elementis
1483 2164 1532 2239 dx

177 2280 211 2335 et
226 2265 271 2357 dy
285 2260 443 2353 definitur
464 2263 505 2337 ds
518 2294 555 2330 =
572 2265 855 2422 r(dx²†dyd²)‚
879 2284 913 2337 et
936 2258 1129 2340 diredlionis
1140 2261 1415 2369 §.s-adpressum·
1429 2264 1533 2343 fixam
1620 2329 1624 2347 .

178 2403 243 2473 ΟΛ
258 2401 484 2477 inclinationis
501 2419 639 2504 tangens
656 2401 702 2474 est
723 2385 850 2537 τέ.

617 2596 978 2725 Ιδί’ΔῐΙΟῙΛΟΝ.
1041 2653 1065 2723 n'

285 2837 335 2910 52·
367 2813 584 2884 Geontetrica
606 2805 705 2907 plane
725 2809 772 2885 est
789 2811 872 2884 haec
894 2805 1139 2908 consideratio}
1200 2833 1241 2884 ua
1256 2807 1381 2885 'motus
1397 2806 1536 2912 ‘paludi'

178 2918 263 2992 dum
280 2911 490 3013 tempuscnlo
507 2910 547 2983 dt
575 2906 752 3009 spatiolum
770 2913 817 2983 Sr
831 2945 869 2983 =
881 2914 921 2986 dr
944 2932 1113 3015 peragrat,
1139 2837 1265 2986 resolvi
1286 2919 1475 3014 concipitur
1493 2920 1532 2989 in

177 3023 277 3092 binos
291 3034 402 3088 motus
417 3009 599 3086 secundum
615 3009 815 3085 diredliones
832 3013 915 3086 fixas
928 3017 992 3086 ΟΑ
1008 3035 1043 3088 et
1060 3018 1137 3100 ΟΒ,
1167 3019 1290 3116 quippe
1312 3042 1376 3115 qua
1401 3022 1438 3089 in
1457 3012 1532 3115 ipso
1598 3089 1602 3096 ,

175 3138 277 3196 motu
304 3116 392 3198 nihil
422 3131 577 3188 mutatur.
627 3117 739 3215 Atque
765 3109 847 3187 durn
875 3117 955 3189 huic
979 3112 1106 3217 duplici
1132 3122 1244 3189 motui
1273 3111 1331 3187 sua
1352 3115 1534 3219 affiguntur.
1608 3146 1615 3151 ·

178 3259 332 3336 celeritas
349 3216 402 3319 ‘st
423 3276 455 3325 et
482 3211 557 3338 Q,
589 3253 657 3323 hoc
676 3251 850 3327 commodi
873 3251 952 3329 inde
981 3249 1239 3355 consequimur,
1273 3270 1310 3324 ut
1330 3277 1403 3324 non
1420 3249 1533 3327 solnm

348 3330 394 3386 dt
488 3325 532 3382 dr

177 3475 296 3541 veram
326 3442 532 3518 celeritatem
556 3401 608 3569 ἕξ
635 3433 807 3512 sedetiam
826 3437 1187 3516 rnonrs'diredlionem
1210 3434 1471 3544 cognoscamus,
1497 3436 1535 3512 id

179 3599 274 3705 quod
289 3605 327 3673 in
344 3588 474 3669 calculo
489 3588 689 3764 plerumpue
702 3598 887 3665 maximum
901 3590 997 3668 usum
1011 3593 1201 3687 praestabit.
1254 3594 1343 3665 Cum
1365 3597 1457 3665 enirn
1477 3614 1534 3664 ce·
1656 3574 1684 3683 J]

180 3706 293 3779 leritas
322 3725 360 3771 ae
383 3691 526 3768 directio
549 3690 613 3765 lint
655 3719 714 3766 uae
728 3720 795 3790 res,
817 3714 935 3767 natura
950 3693 1006 3768 sua
1020 3690 1193 3783 diversae,
1218 3691 1534 3767 arrabashocrnodo

178 3833 242 3908 per
264 3802 344 3877 duas
366 3796 572 3889 celeritates,
593 3789 649 3866 seu
671 3802 869 3895 quantitates
886 3795 1035 3892 ejusdem
1050 3801 1193 3901 generis,
1219 3791 1425 3898 cognoscere
1448 3795 1536 3867 licet.

181 3910 302 3982 Mente
314 3920 428 3976 autern
444 3914 573 3969 tantum
590 3914 723 3969 motum
739 3896 868 3997 pundli‚
888 3924 954 3997 pro
969 3907 1091 4002 quovis
1116 3904 1276 3999 temporie
1293 3897 1463 3972 elemento
1477 3898 1539 3984 dn·

184 4017 222 4083 in
236 4009 331 4081 binos
347 4021 459 4091 ruptus
475 3993 660 4091 secundum
673 3995 764 4073 datas
780 3997 983 4076 directiones
997 3998 1217 4088 resolvimus,
1241 4019 1277 4074 et
1288 4006 1422 4102 utrique
1441 3994 1537 4072 suam

183 4106 265 4185 velo
286 4113 399 4179 itatem
429 4098 623 4201 assignamus
630 4129 641 4191 ;
681 4126 752 4173 uon
778 4097 867 4202 quasi
891 4109 927 4174 in
950 4124 1080 4204 puncto
1111 4100 1235 4204 duplex
1268 4098 1384 4174 inesset
1408 4118 1535 4188 motus,

185 4134 284 4315 quod
294 4203 370 4281 sane
385 4198 466 4280 esset
481 4198 654 4290 absonum,
682 4198 739 4274 sed
754 4208 916 4303 quoniam
941 4206 1214 4307 talit'conceptus
1232 4200 1274 4276 ad
1288 4228 1403 4277 veram
1418 4206 1537 4303 cogni·

181 4322 319 4391 tionem
335 4305 504 4411 perducit.
555 4307 633 4376 Hoc
648 4298 792 4379 subsidio
808 4310 859 4377 uti
882 4303 978 4399 licet,
1004 4305 1141 4411 quando
1164 4315 1231 4401 jam
1251 4302 1384 4379 aliunde
1406 4319 1537 4375 certum

182 4417 250 4509 eil,
275 4429 409 4489 motum
423 4411 541 4511 puncti
557 4412 593 4483 in
613 4403 736 4481 eodem
747 4407 824 4485 fieri
840 4406 960 4508 plano:
989 4429 1023 4484 at
1038 4411 1065 4491 fi
1080 4410 1123 4485 de
1145 4408 1306 4510 hocnon
1318 4404 1470 4506 constet,
1494 4394 1540 4472 a'd'

815 4512 845 4583 C
867 4534 887 4584 2
1125 4554 1133 4617 3
1425 4521 1539 4579 ternae
1664 4506 1688 4517 ’“
