4092 5134
259 360 448 521 ,ω’
760 472 763 477 -
871 414 1178 515 curn-Tr·
1285 430 1288 435 ·

343 608 454 699 ternae
468 615 665 693 directricer
686 615 768 692 fixas
795 614 1174 720 recmreressdebernut,
1195 608 1379 695 secuudum
1407 636 1488 716 quae
1510 632 1645 693 motum
1668 621 1718 693 in·

345 748 460 806 temon
476 718 590 805 monn
613 717 739 803 resolvi
757 726 951 801 conveniet.

824 840 1150 964 renorma.
1184 909 1216 963 a.

445 1080 493 1154 53.
515 1048 953 1141 Evolutiohaec'motns,in
966 1047 1173 1155 planosacti,
1185 1045 1302 1121 usst'ata
1315 1052 1435 1123 nititur
1450 1042 1706 1149 rationalium

346 1179 464 1233 curvas
479 1154 519 1230 ad
537 1157 629 1230 binas
645 1156 847 1247 directiones
864 1155 957 1245 fixas,
986 1154 1107 1257 quibus
1123 1147 1337 1226 coordinatae
1358 1150 1535 1253 parallelae
1560 1153 1706 1255 llatnun-
1741 1164 1743 1169 '

347 1280 420 1350 tur,
451 1254 642 1335 revocandi.
693 1264 782 1332 Cum
798 1278 910 1331 antem
934 1255 1055 1329 electio
1076 1258 1199 1328 harum
1221 1273 1391 1326 rectarum
1413 1253 1644 1331 directricium
1668 1260 1707 1332 ab
1750 1316 1753 1325 .

348 1363 486 1433 arbitrio
501 1361 618 1434 nostro
632 1360 786 1458 pendeat,
808 1356 1021 1431 manisellmn
1035 1357 1092 1447 est,
1113 1352 1259 1430 eundem
1275 1374 1406 1427 motum
1432 1358 1571 1429 infinitis
1592 1360 1708 1443 modia
1748 1440 1751 1445 ,

348 1464 477 1535 calculo
509 1468 649 1562 exprimi
671 1459 782 1563 posse:
813 1466 964 1563 quicum
980 1485 1111 1548 omnes,
1133 1484 1199 1558 pro
1216 1463 1337 1558 quovis
1356 1479 1523 1560 tempore,
1541 1478 1610 1532 tam
1631 1489 1709 1537 eart-

348 1560 427 1637 dem
449 1564 652 1639 celeritatem
678 1591 778 1666 quam
802 1559 1024 1635 directionem
1049 1560 1235 1633 monstrare
1256 1556 1417 1653 debeant,
1436 1638 1439 1643 ,
1460 1583 1573 1634 motus
1604 1570 1708 1639 et'tam

349 1663 515 1743 resolutio
546 1665 594 1738 est
620 1666 802 1740 arbitraria.
858 1665 978 1737 Motus
1014 1660 1141 1740 scilicet
1164 1667 1301 1763 p‘uncti,
1330 1690 1401 1764 quo·
1424 1662 1640 1765 tempusculo
1660 1662 1709 1743 lt

348 1762 526 1870 spatiolum
550 1769 598 1841 Ss
616 1798 655 1835 =
685 1772 724 1842 ds
746 1771 932 1870 percurrit,
960 1766 1105 1839 infinitis
1120 1761 1248 1853 modis,
1269 1782 1384 1839 mente
1406 1760 1541 1860 saltem,
1555 1771 1591 1837 in
1609 1766 1708 1841 binos

347 1888 460 1943 motus
483 1864 608 1943 resolvi
629 1869 770 1966 potesl,
794 1885 896 1967 prout
919 1865 1002 1941 aliae
1034 1887 1131 1970 atque
1153 1865 1235 1938 aliae
1258 1862 1363 1939 lineae
1389 1893 1455 1968 pro
1472 1864 1707 1942 directricibus

350 1967 582 2043 assumuntur:
630 1974 688 2069 qui
727 1994 813 2042 vero
851 1964 983 2069 semper
1023 1974 1060 2042 in
1092 1970 1161 2042 hoc
1194 1973 1418 2060 convenient,
1452 1990 1488 2043 ut
1511 1969 1736 2046 binae-illae-

347 2107 534 2183 celeritater
558 2068 742 2240 gerg,
766 2130 938 2212 utcunque
961 2104 1090 2209 suerint
1113 2101 1285 2194 diversae,
1319 2105 1345 2181 st
1365 2110 1505 2203 junctim
1523 2102 1709 2202 summitur,

1100 2256 1121 2316 d
1134 2279 1149 2315 5

347 2294 487 2371 eandem
505 2270 637 2397 semper
653 2317 723 2371 tam
741 2295 945 2375 celeritatem
965 2324 1081 2373 vernn
1101 2345 1166 2428 ἦ,
1190 2324 1292 2403 quam
1305 2294 1529 2373 directionem
1546 2296 1603 2375 seu
1619 2300 1710 2402 pofi·

347 2454 478 2521 tionem
502 2455 665 2548 tangentis
692 2455 728 2520 in
753 2447 923 2540 Sductae,
947 2449 1011 2523 sint
1035 2445 1236 2530 ollensurae.
1286 2450 1381 2544 Quae
1404 2446 1535 2522 infinita
1554 2460 1709 2556 varietas,

344 2554 506 2652 quoniam
521 2577 539 2622 a
555 2553 751 2623 Geometria
763 2550 953 2641 inducitur,
982 2550 1068 2623 nihil
1090 2549 1210 2638 habet,
1244 2546 1338 2650 quod
1353 2548 1393 2622 fit
1407 2549 1618 2627 mirandum:
1656 2563 1708 2630 in·

343 2657 444 2725 terim
470 2671 594 2752 tamen,
618 2658 739 2756 quovis
757 2649 831 2725 casu
849 2655 976 2741 oblato,
990 2652 1176 2755 plurimum
1199 2652 1346 2743 interest,
1363 2678 1427 2752 qua
1444 2661 1576 2731 ratione
1594 2678 1706 2734 rectae

343 2752 419 2830 illac
434 2751 629 2830 directricet
645 2753 822 2858 eligantur,
831 2750 901 2858 quo
914 2753 1059 2829 calculus
1076 2758 1222 2828 maxime
1235 2749 1342 2828 facilia
1368 2749 1538 2829 reddatur.

824 2932 1220 3024 annuarum,

454 3110 505 3181 54,
534 3074 569 3161 Si
585 3086 739 3191 spatium,
755 3110 908 3191 apuncto
927 3088 1145 3195 descriptum,
1167 3122 1238 3168 tion
1252 3094 1292 3168 fit
1308 3099 1345 3170 in
1360 3093 1482 3171 eodem
1523 3097 1616 3195 lano,
1632 3108 1719 3176 uni·-

353 3183 484 3264 versam
511 3209 625 3264 anotut
652 3189 968 3277 determinationem
990 3221 1050 3296 per
1081 3214 1191 3271 ternas
1224 3196 1440 3273 coordinatas
1471 3127 1521 3273 nd
1541 3202 1708 3278 calculum

353 3316 525 3368 reuocare.

810 3550 816 3563 ‚
884 3466 1172 3541 carunto.

193 3648 271 3754 pig·
303 3671 337 3743 4
452 3621 605 3724 Corpne',
633 3629 726 3719 cujus
749 3618 902 3723 respettu
923 3647 1038 3703 mutua
1059 3629 1272 3714 aestimatur,
1306 3630 1456 3729 etquod
1480 3660 1545 3733 pro
1567 3634 1640 3710 fixo
1655 3638 1711 3709 ha·

354 3724 461 3812 betur,
480 3722 699 3826 suppeditabit
713 3745 821 3800 ternas
840 3726 1041 3805 directiones
1057 3731 1150 3818 fixas,
1169 3737 1205 3802 in
1218 3729 1373 3832 longum,
1389 3730 1492 3807 latum
1513 3763 1551 3808 ac
1564 3735 1710 3838 profun-

355 3824 438 3898 dum
453 3823 617 3915 extensas,
646 3854 789 3928 quarum
807 3829 927 3907 electio
941 3861 1020 3906 cum
1035 3835 1177 3906 arbitrio
1194 3832 1310 3904 noslro
1324 3832 1545 3936 relinquatur,
1562 3840 1711 3912 slatuun·

355 3946 495 4020 taceae,
512 3927 554 4001 ad
572 3927 690 4002 calculi
709 3932 940 4024 commodum,
956 3942 1044 4009 inter
1064 3932 1098 4008 se
1114 3933 1295 4011 notitiales.
1335 3937 1407 4007 Sint
1422 3926 1524 4029 igitur
1544 3944 1627 4029 ΟΛ,
1651 3943 1711 4015 OB

315 4040 318 4045 '
355 4046 389 4101 et
405 4032 469 4105 OC
483 4035 546 4103 hae
561 4051 629 4104 tres
646 4028 860 4122 directrices,
883 4064 1026 4137 quarum
1049 4039 1144 4111 binae
1166 4043 1297 4137 priores
1319 4041 1355 4108 in
1378 4019 1478 4136 plasto
1501 4042 1632 4116 tabulae
1646 4042 1711 4117 lint

286 4170 294 4191 ·
354 4127 451 4219 fitne,
478 4133 643 4234 poslrema
670 4160 754 4207 vero
778 4138 842 4212 OC
866 4138 944 4213 huic
966 4142 1068 4242 plano
1090 4135 1407 4241 perpendiculariter
1433 4142 1579 4217 insrllens
1593 4150 1737 4219 conci·-

353 4237 473 4331 piatur.
539 4236 702 4307 Punctum
716 4258 828 4308 autem
842 4258 977 4314 motum
1001 4238 1187 4314 confecerit
1208 4241 1330 4317 lineam
1346 4244 1437 4333 ESF,
1456 4264 1547 4317 extra
1569 4245 1711 4345 planum

355 4333 485 4409 tabulae
497 4354 668 4436 utcunque
683 4333 797 4424 sitam,
824 4345 858 4409 in
872 4368 937 4441 qua
951 4340 1064 4443 elapso
1082 4350 1235 4443 tempor'e
1253 4366 1329 4417 tex
1352 4347 1382 4415 E
1404 4354 1600 4445 pervenerit
1624 4352 1707 4437 inS,

304 4506 311 4519 ‚
355 4430 447 4513 lude
463 4434 505 4511 ad
518 4436 658 4542 plantam
668 4440 760 4513 AOB
767 4434 961 4516 demittatur
973 4441 1253 4545 perpendiculum
1267 4448 1332 4533 SY,
1359 4464 1392 4519 et
1407 4474 1449 4523 cx
1462 4452 1492 4521 Y
1505 4446 1708 4525 adOAnor-

1525 4638 1528 4643 ,
1584 4553 1707 4647 1ιηειΙίσ

1649 4800 1655 4825 t

1647 4844 1661 4883 7
