4092 5134
438 256 442 266 ,
535 216 540 253 l
650 237 652 242 '
696 226 700 241 ⁴

315 400 750 517 cousroamn'o
785 352 999 520 Morus
1029 412 1096 524 m'
1125 428 1371 530 anunm.
1422 564 1427 590 Ι
1471 467 1516 553 23
1604 370 1616 379 ⁵

160 615 249 696 solvi
271 617 384 720 posse,
401 651 547 726 quorum
571 622 698 727 cuique
711 621 765 696 sua
787 629 950 701 tribuatur
973 630 1146 720 celeriter,
1174 639 1218 704 ira
1245 655 1283 707 nt
1303 662 1420 709 ornnes
1443 600 1515 732 jun·
1574 645 1582 671 ¹

162 724 246 797 (lim
269 720 394 797 stuntae
416 751 486 809 non
509 723 620 799 solum
645 725 750 828 ipsam
792 731 882 802 unsli
901 716 1128 823 celeritatem,
1145 729 1319 807 sedetiam
1335 759 1447 811 motus
1464 740 1514 809 ‹li-

163 824 352 898 reslionem
385 826 582 916 eihibeant,
626 826 660 900 id
708 756 834 903 uosin
864 830 994 904 calculo
1021 830 1189 931 summum
1209 838 1383 936 praestabit
1402 837 1516 929 usum,

163 931 328 1029 quoniam
350 930 418 1000 hoc
440 925 546 1001 modo
568 857 760 1028 apluribur
791 932 1100 1034 investigationibus
1129 932 1205 1009 satis
1245 937 1397 1011 taediosis
1428 948 1518 1014 cirea

166 1046 377 1102 curvaturam
404 1027 497 1128 spatii
519 1026 691 1128 descripti,
709 1057 850 1132 eamque
867 1031 1056 1133 duplicem,
1101 1035 1162 1109 nist
1188 1058 1300 1113 tnotrrr
1331 1048 1365 1112 in
1396 1039 1519 1114 codem

164 1129 268 1232 plano
284 1130 365 1228 fiat,
391 1131 580 1204 liberamur.
624 1135 705 1205 'Hae
721 1136 809 1205 enim
823 1153 936 1208 ternae
951 1137 1147 1229 celeritates,
1171 1160 1285 1212 mente
1303 1138 1418 1214 saltem
1434 1170 1518 1242 pun·
1559 1128 1580 1229 J
1637 1206 1644 1211 .

167 1230 223 1305 elo
240 1232 359 1305 mobili
377 1235 529 1320 tributae,
544 1250 653 1303 totum
671 1239 848 1333 negotium
865 1235 1063 1335 expedient;
1086 1265 1155 1339 quo
1179 1236 1321 1313 subsidio
1344 1234 1527 1315 cum-non
1665 1240 1676 1259 ⁸

166 1328 229 1405 sun
245 1329 320 1406 ul'us
337 1340 373 1404 in
385 1329 608 1433 superioribus
626 1329 668 1404 de
678 1324 877 1408 Mechanica
895 1336 999 1427 libris,
1016 1345 1051 1411 in
1066 1346 1166 1411 nimia
1182 1346 1354 1415 intricatos
1372 1343 1518 1415 calculos

167 1430 241 1507 sum
259 1430 418 1534 delapsus.
469 1436 580 1529 Quare
595 1461 672 1506 cum
689 1434 772 1508 haec
790 1455 900 1510 motus
916 1436 1098 1529 resolutio,
1122 1440 1181 1513 ersi
1206 1464 1320 1517 mente
1342 1440 1451 1517 sulum
1467 1452 1518 1516 in·
1640 1430 1647 1449 ⁸

167 1535 334 1620 slituarur,
360 1539 442 1607 tanti
459 1533 498 1605 srt
515 1543 700 1627 momenti,
728 1546 1011 1641 operaepretium
1027 1548 1111 1630 erit,
1136 1568 1210 1614 eam
1237 1572 1298 1645 per
1313 1544 1520 1648 peculiarem

167 1635 404 1712 definitionem
423 1632 625 1711 stabilivisse.

639 1845 673 1915 D
686 1840 825 1918 Em
836 1844 897 1919 Η
912 1846 935 1917 1
952 1846 986 1917 0.
1025 1859 1058 1929 a

271 2010 320 2087 61.
344 2008 463 2080 Motus
480 2007 485 2028 ”
501 2005 616 2104 refirlui
647 2002 791 2094 dicitur,
828 2004 910 2078 dum
939 2003 1138 2107 spatiolum,
1154 2005 1324 2081 elemento
1346 2002 1523 2110 ‘teniporia

150 2102 379 2206 percursam,
390 2128 546 2209 tanquam
562 2105 614 2178 dia
640 2107 745 2180 onalia
762 2092 1131 2209 parallelograrnrriivel
1151 2107 1422 2210 parallelepipedi
1441 2137 1523 2183 con·

170 2206 352 2299 sideratur,
381 2217 474 2306 cujus
489 2209 592 2282 latera
606 2134 696 2282 (saraa
724 2228 841 2281 tenent
860 2206 1083 2301 directionem
1111 2232 1304 2313 punctoque
1327 2210 1445 2283 mobili
1460 2207 1522 2284 du·

172 2309 250 2412 plex
267 2310 321 2382 vel
338 2311 458 2412 triplex
475 2330 600 2399 motus,
618 2307 800 2384 secuudum
817 2309 920 2407 latera
940 2310 1248 2415 parallelogranmri
1271 2309 1329 2387 vel
1351 2311 1523 2413 parallele-

170 2409 538 2519 pipedi,quisq‘ue·cum
551 2408 810 2511 suavelocitate,
827 2408 1038 2498 adscribitur.
1253 2508 1257 2557 ι

653 2619 977 2733 scnorrou.
1027 2639 1051 2693 t.

278 2789 334 2862 62,
360 2781 455 2878 Quae
472 2781 529 2851 hic
543 2778 585 2852 de
599 2795 694 2869 motu
733 2777 800 2849 uasr
817 2776 1012 2851 elementari
1051 2805 1088 2853 er
1110 2770 1290 2881 spatiolum
1305 2777 1436 2854 infinite
1451 2804 1526 2883 par·

129 2900 132 2905 '
174 2909 260 2958 vum
271 2878 446 2969 dicuntur,
468 2870 648 2954 transferri
656 2805 791 2982 posrmr
804 2875 844 2949 ad
869 2899 1001 2953 motum
1022 2806 1177 2967 snitum,
1207 2874 1289 2949 dum
1311 2877 1351 2952 fit
1374 2883 1529 2983 aequabi·
1579 2884 1601 2903 ”

174 2988 218 3060 lie
237 3003 271 3063 et
287 2980 499 3061 rectilineusr
529 3002 719 3086 propterea,
735 2979 827 3082 quod
845 3007 882 3053 ea
897 2979 975 3055 ideo
995 2986 1105 3055 motui
1119 2978 1314 3054 elementari
1332 2980 1395 3055 fint
1412 2979 1544 3058 adstri··

175 3107 250 3178 cra,
276 3091 437 3187 quoniam
460 3082 623 3186 quodque
647 3081 854 3155 elementum
873 3082 978 3156 lineae
992 3108 1128 3168 curvae,
1150 3100 1189 3153 ut
1205 3080 1329 3154 lineola
1351 3105 1458 3175 recta,
1492 3076 1528 3158 ct

176 3209 290 3264 morus
312 3212 373 3287 per
395 3176 430 3256 id
450 3185 641 3288 aequabilis,
663 3171 803 3285 spectari
818 3184 941 3284 potest.
993 3188 1073 3278 Quo
1094 3188 1198 3288 igitur
1222 3186 1305 3256 lmec
1326 3194 1432 3289 magia
1446 3185 1528 3259 liant

177 3287 357 3373 sensibilia,
387 3312 425 3359 ea
440 3291 476 3359 in
497 3307 594 3362 motu
607 3286 705 3359 linito
723 3284 885 3386 aequabili
900 3304 933 3359 et
946 3287 1125 3358 rectilineo
1141 3281 1332 3384 explicabo,
1363 3283 1528 3390 siquidem

177 3397 258 3468 hinc
276 3388 454 3492 applicatio
469 3387 510 3463 ad
524 3409 662 3465 motum
674 3385 916 3461 elementarem
931 3384 1301 3485 sacillunessinslituiter.

585 3620 588 3627 ·
660 3594 877 3668 EXPLICA
891 3597 1001 3668 Tro·
1018 3616 1047 3674 1.

168 3836 182 3847 ,
281 3766 331 3854 63.
359 3761 539 3869 Ponamus,
546 3776 713 3867 punctum
722 3778 877 3864 tempore
891 3781 957 3835 :r
971 3777 1171 3861 percurrere
1187 3772 1285 3830 motu
1299 3748 1462 3859 aequabili
1477 3777 1530 3827 re·
1564 3750 1640 3856 Fig.
1658 3773 1690 3848 5.

154 3920 270 3985 ’ctam
286 3903 360 3988 SV,
386 3919 425 3971 ur
440 3906 509 3994 ejus
524 3896 675 3971 celeritas
693 3895 734 3971 lit
746 3929 784 3965 =
808 3858 875 4030 {273
901 3915 937 3968 et
950 3882 1177 3997 concipiamus
1193 3901 1282 3969 circa
1291 3899 1346 3971 SV
1354 3889 1531 3998 parallelo·

128 4038 134 4055 ³
166 4060 374 4228 'qrammum
384 4047 613 4224 quodcunque
630 4050 744 4127 8an
759 4046 983 4151 descriptum,
1012 4054 1106 4146 cujus
1127 4068 1218 4122 recta
1236 4050 1297 4124 SV
1317 4041 1357 4118 srt
1373 4043 1533 4146 diagona-

400 4170 475 4224 acto
489 4169 600 4229 motus
616 4151 801 4229 secundmn
816 4151 917 4225 latera
933 4154 988 4224 sn
1005 4169 1039 4224 et
1062 4138 1172 4224 sani
1187 4170 1302 4226 mente
1325 4143 1450 4222 resolvi
1471 4172 1533 4249 po·

208 4182 234 4231 r.
286 4156 366 4255 Qro

179 4287 265 4381 rest,
291 4272 437 4375 millius
450 4292 601 4368 celeritas
617 4294 656 4368 srt
673 4251 793 4424 εἷ’-4.,
820 4308 859 4381 er
878 4289 977 4383 hujns
1000 4320 1040 4360 τ.
1071 4250 1136 4424 ἐξ,
1158 4307 1306 4393 utroque
1332 4282 1460 4362 scilicet
1478 4306 1534 4354 ae.

181 4442 329 4555 lmbffll
772 4441 839 4515 tlert
857 4458 970 4515 monn
994 4466 1079 4542 enm·
1093 4424 1394 4542 hisflceleriraribua
1415 4436 1535 4509 latera·

1400 4528 1406 4540 ’
1444 4536 1533 4611 libus
