4092 5134
787 324 1416 489 coRPORUM
1433 366 2095 507 ,memor-tm
2120 388 2573 541 nuosz
2603 397 3013 488 Axinus
3024 401 3181 492 εἰς.
3230 374 3383 517 29⁵7·
3492 324 3562 479 ‘J‘

675 583 1032 686 greffivum
1077 579 1354 657 seorfin'i
1406 576 1963 665 confiderandun'i
1994 638 2015 671 ,
2074 608 2218 683 quo
2256 580 2691 658 uniformiter
2728 591 2801 658 in
2851 586 3179 662 direzstum
3264 620 3374 663 ro-

674 686 1016 789 gredietur
1049 743 1070 774 ‚
1125 708 1320 786 atque
1351 704 1576 757 mente
1604 682 1836 757 saltem
1864 684 2046 757 hunc
2085 702 2353 755 motum
2390 683 2628 758 tollere
2678 686 2903 761 licebit
2937 750 2954 769 ,
2997 690 3160 762 dum
3207 619 3375 785 (zili-
3420 682 3429 693 ’

667 808 774 863 eet
801 785 1018 890 ipsum
1051 782 1337 885 spatium
1371 806 1564 857 motu
1599 790 1945 860 contrario
1987 782 2287 887 proferri
2332 794 2771 886 concipiatur.
2892 792 3169 865 Sublato
3208 780 3377 895 ergo

655 876 860 963 ‘moin
889 882 1362 991 progressivO,
1409 892 1594 981 cujus
1643 893 1820 959 ratio
1869 884 2146 985 perinde
2214 885 2307 958 est
2354 906 2728 987 comparata
2759 948 2779 978 ,
2838 919 2917 963 ac
2964 892 3013 965 st
3044 886 3382 993 praeterea

663 990 896 1077 nullus
929 990 1091 1063 alius
1126 1009 1350 1085 motus
1399 994 1472 1059 in
1513 1012 1806 1088 corpore
1847 982 2085 1061 ineffet
2124 1043 2145 1076 ,
2214 1007 2523 1061 centrum
2566 998 2873 1083 corporis
2924 998 3201 1066 inertiae
3234 1016 3380 1068 tan-

663 1120 872 1195 quam
917 1089 1262 1195 quiescens
1307 1086 1713 1183 conliderari
1754 1094 2063 1189 poterit:
2122 1091 2297 1171 circa
2333 1088 2521 1190 quod
2562 1092 3181 1195 quomodocunque
3228 1124 3383 1169 cor-

659 1222 784 1293 pus
843 1199 1179 1293 agitetur,
1235 1192 1406 1263 linea
1454 1198 1804 1291 quaepiam
1853 1190 2030 1263 resta
2068 1216 2191 1289 per
2248 1186 2319 1261 id
2363 1188 2557 1262 dueta
2612 1198 2838 1292 primo
2882 1192 3113 1267 saltem
3178 1206 3375 1271 initio

657 1292 980 1398 quiescet,
1011 1322 1180 1397 quae
1219 1300 1357 1387 ejus
1391 1298 1524 1363 erit
1553 1298 1684 1365 axis
1714 1297 2109 1393 gyrationis;
2180 1304 2185 1309 '
2215 1294 2406 1363 Tum
2439 1289 2488 1365 fi
2520 1292 2635 1365 iste
2668 1302 2804 1365 axis
2843 1306 3201 1369 conveniat
3228 1327 3386 1373 cum

655 1398 887 1499 aliquo
921 1402 1141 1467 axium
1171 1394 1661 1492 principalium,
1706 1397 1840 1465 hoc
1890 1393 2018 1480 est,
2062 1390 2109 1463 fi
2152 1390 2261 1463 vel
2308 1390 2558 1466 incidat
2605 1400 2676 1467 in
2724 1422 2912 1465 axem
2948 1402 3383 1499 principalem

655 1498 1062 1599 singularem
1097 1494 1206 1567 vel
1236 1494 1318 1567 acl
1347 1522 1502 1567 eum
1531 1494 1610 1567 fit
1647 1494 1968 1567 normalis
1999 1552 2019 1582 ,
2066 1498 2269 1565 etiam
2302 1498 2417 1566 hic
2457 1513 2681 1568 motus
2732 1498 3029 1571 manebit
3075 1505 3375 1589 aequabi-

643 1598 738 1691 lis
781 1654 805 1687 ,
854 1605 1120 1699 axisque
1166 1595 1516 1705 quiescet,
1557 1595 1664 1669 vel
1711 1592 2026 1691 adjunt‘to
2067 1616 2265 1667 motu
2312 1594 2743 1697 progressive
2794 1596 2911 1669 fibi
2958 1607 3201 1700 jugiter
3242 1632 3377 1673 ma-

651 1700 841 1773 nebit
888 1696 1263 1801 parallelus.
1390 1702 1478 1769 At
1529 1696 1581 1771 fi
1621 1701 1754 1768 axis
1798 1694 1914 1768 ille
1945 1726 1980 1784 ,·
2022 1700 2199 1767 circa
2249 1723 2456 1797 quem
2504 1724 2783 1797 corpus..
2801 1707 3099 1797 primum
3147 1696 3379 1803 gyrari

573 1792 580 1797 ’
655 1806 911 1899 eoepit,
946 1826 1164 1904 neque
1195 1825 1352 1873 cum
1383 1824 1503 1868 axe
1549 1797 1900 1898 principali
1939 1794 2269 1897 singulari·
2299 1818 2671 1900 congruat,
2722 1827 2943 1901 neque
2992 1800 3075 1873 ad
3113 1828 3268 1874 eum
3302 1803 3383 1877 fit

653 1903 982 1977 normalis
1017 1942 1036 1983 ς
1100 1926 1344 2001 corpus
1374 1904 1549 1971 circa
1583 1925 1772 1971 axem
1818 1897 2203 1970 variabilem
2233 1901 2619 1999 gyrabunt,
2676 1909 2793 2001 qui
2829 1900 3180 2003 quomodo
3220 1932 3380 1977 con·
3470 1966 3477 1971 .

655 2014 856 2078 tinuo
895 2010 1189 2074 varietur
1226 2059 1244 2086 ,
1306 2006 1375 2071 in
1415 1998 1964 2099 praecedentibus
1995 1997 2257 2073 abunde
2306 1997 2737 2075 ostendimus.
2882 2002 3141 2075 Clarius
3180 2013 3379 2078 etiam

631 2110 774 2179 hic
830 2126 1052 2177 motus
1088 2098 1521 2201 perspicietur
1559 2128 1680 2202 per
1723 2092 2194 2174 'reductionem
2235 2098 2416 2173 illam
2473 2100 2557 2174 ad
2606 2128 2797 2174 axem
2841 2105 3201 2193 mobilem,
3246 2134 3379 2207 qua

653 2233 906 2305 corpus
957 2212 1132 2279 circa
1179 2198 1392 2303 ipsum
1443 2228 1636 2276 axem
1673 2200 2107 2303 principalem
2149 2201 2554 2303 singularem
2584 2205 3018 2305 aequabiliter
3060 2230 3364 2309 gyratur,

653 2308 824 2383 dum
853 2302 986 2407 ipse
1017 2309 1126 2381 hic
1156 2310 1288 2377 axis
1322 2310 1498 2386 circa
1529 2302 1858 2407 quosdam
1900 2302 2097 2405 polos
2144 2323 2345 2407 extra.
2372 2332 2633 2407 corpus·
2678 2304 2851 2379 fixos
2898 2307 3372 2385 circumfertur

655 2414 911 2513 pariter
953 2404 1149 2483 motu
1203 2402 1550 2481 uniformi.

1683 2596 2329 2670 SCHOLION.

861 2763 1006 2852 736.
1064 2743 1222 2827 Hoc'
1255 2750 1672 2849 problemate
1719 2748 2111 2825 universum
2156 2768 2627 2855 argumentum
2665 2809 2687 2849 ‚
2734 2751 2919 2853 quod
2974 2756 3107 2828 hoc
3148 2756 3369 2855 'capite

651 2856 1071 2929 tractandum
1104 2849 1503 2951 suscepimus
1539 2909 1560 2949 ‚
1616 2854 2003 2925 exhauritur
2035 2912 2055 2942 ,
2110 2861 2193 2925 ita
2236 2874 2307 2926 ut
2346 2880 2719 2953 corporum
2760 2853 3138 2957 rigidorum
3193 2856 3359 2929 dito-

649 2962 775 3029 bus
803 2961 1022 3030 axibus
1053 2952 1520 3057 principalibus
1549 2944 1812 3056 pari-bus
1839 2954 2346 3053 praeditorum,
2384 2976 2453 3029 et
2500 2982 2537 3027 a
2582 2954 2781 3029 nullis
2818 2959 3069 3029 viribus
3114 2956 3359 3032 sollici-

652 3078 978 3145 tatorum,
1009 3076 1232 3132 motus
1265 3054 1510 3129 liberos
1545 3064 1616 3129 in
1645 3082 1896 3157 genere
1931 3054 2378 3131 determinare
2418 3076 2612 3159 atque
2644 3056 2725 3129 ad
2758 3066 2998 3158 quovis
3039 3058 3219 3133 casus
3247 3088 3352 3133 ac-

652 3159 1094 3234 commodare
1140 3155 1491 3230 valeamus.
1618 3154 1982 3258 Supersunt
2025 3186 2195 3261 ergo
2239 3186 2530 3259 corpora
2573 3167 2805 3232 tertiae
2858 3159 3061 3232 claffis
3097 3220 3115 3249 ‚
3181 3190 3352 3262 quo·

648 3290 805 3339 rum
834 3281 1176 3337 momenta
1204 3264 1482 3334 inertiae
1523 3259 1914 3365 principalia
1956 3256 2121 3370 sunt,
2160 3261 2526 3365 inaequalia
2554 3318 2575 3351 ,
2641 3258 3213 3367 quibus-sequens,
3250 3288 3352 3336 ca-

649 3386 772 3470 put
817 3364 1196 3441 destinatur.

1951 4518 2061 4622 ινρ
2138 4460 2152 4465 ’
2896 4501 3349 4598 CAPUT
