4092 5134
414 408 729 507 CORPORUM
741 360 1063 507 RiGlDORUM
1075 408 1286 507 TERNIS
1300 414 1503 510 Axtuth
1520 418 1598 520 &o
1627 444 1704 533 277
1805 338 1844 443 '-

801 608 1179 687 turon-tnta.
1234 630 1268 698 9.

357 762 370 783 “
457 758 538 845 690.
573 754 891 859 Quomodocunque
923 764 1046 857 corpus
1073 753 1220 859 rigidtun
1243 761 1456 850 moventur,
1498 767 1567 857 ejus
1590 780 1704 837 nrotus

352 860 477 957 quovis
492 878 668 934 momento
692 861 739 934 est
763 858 965 963 compositus
986 854 1043 933 seu
1063 862 1187 931 mixtus
1214 885 1256 933 ex
1275 880 1372 935 motu
1388 861 1596 964 progressive
1620 883 1705 939 etex

349 965 540 1059 gyratori03
559 966 646 1037 circa
663 988 758 1038 uteru
770 962 916 1065 aliquem
928 984 991 1063 per
1007 966 1078 1057 ejus
1093 977 1247 1037 centrtun
1259 968 1399 1038 inertiae
1417 960 1653 1040 trusseuuteus.

767 1132 1284 1235 nunnusrnurro.

453 1262 489 1333 Si
509 1265 662 1361 corporis
680 1277 834 1331 centrum
852 1260 989 1333 inertiae
1004 1276 1206 1345 moveatur,
1233 1268 1269 1333 in
1295 1285 1364 1361 quo
1385 1282 1497 1335 motus
1520 1260 1700 1363 progressu-

349 1387 413 1437 vus
429 1360 602 1449 consissit,
632 1366 755 1461 quippe
796 1367 828 1432 ui
845 1380 1011 1461 perpetuo
1034 1387 1110 1432 curn
1130 1381 1225 1435 tnotrt
1251 1369 1357 1434 centri
1375 1368 1511 1441 inertiae
1532 1371 1699 1463 cmtgnrit,

346 1469 440 1540 huuc
458 1484 571 1536 mente
587 1458 703 1535 saltem
724 1388 901 1551 tossendo,
926 1461 1006 1535 durn
1022 1459 1163 1563 spotiuru
1178 1488 1256 1535 cum
1273 1482 1418 1562 corpore
1437 1472 1509 1566 pati
1527 1466 1698 1538 celeritate

346 1574 385 1641 in
398 1563 593 1664 ,oppositum
612 1560 695 1637 ferri
717 1569 953 1663 concipiatur,
989 1560 1033 1637 de
1054 1584 1152 1637 motu
1176 1570 1234 1665 qui
1256 1560 1365 1637 adlurc
1386 1570 1426 1637 in
1446 1593 1591 1668 corpore
1605 1562 1697 1653 inest,

345 1665 646 1742 demonstrandum
668 1663 742 1751 est,
779 1691 856 1737 etun
879 1659 945 1737 effe
964 1671 1174 1764 gyratorium
1199 1668 1286 1739 circa
1309 1672 1501 1767 quempiam
1520 1694 1615 1741 axem
1660 1693 1697 1741 er
1749 1703 1754 1719 ¹

320 1780 323 1785 ’
342 1792 504 1845 centrum
529 1771 667 1840 inertiae
689 1762 939 1850 transeuntem,
963 1773 1022 1865 qui
1043 1763 1171 1839 subiato
1197 1784 1293 1839 tuctu
1316 1761 1524 1868 progressuro
1545 1696 1694 1871 quiescat

342 1870 464 1947 saltent
482 1897 540 1970 per
555 1889 684 1967 tempus
702 1866 834 1940 infinite
847 1892 999 1966 parsurm.
1064 1870 1143 1941 Hoc
1166 1886 1277 1940 utitem
1299 1864 1405 1941 ruodo
1429 1890 1584 1944 centrum
1604 1876 1693 1942 iner-

344 1980 413 2048 tiae
430 1978 583 2072 corporis
606 1976 641 2042 iu
666 1974 814 2070 quietern
837 1964 1034 2068 redigitur,
1072 1988 1106 2043 et
1126 1967 1436 2073 quomodocunque
1458 1997 1581 2071 corpus
1608 1978 1696 2043 circa

342 2078 415 2151 hoc
430 2091 583 2145 centrum
597 2090 801 2158 moueatur,
829 2090 962 2170 practer
984 2065 1018 2141 id
1043 2064 1173 2171 settrper
1196 2076 1369 2171 quaepiam
1393 2070 1479 2145 linea
1498 2074 1585 2145 resia
1600 2078 1693 2173 quie·
1754 2098 1756 2102 ·

342 2174 449 2263 sect,
490 2200 575 2277 quae
602 2191 781 2275 propterea
805 2178 869 2244 erit
892 2176 958 2269 ouis
979 2176 1197 2273 gyratiouis,
1236 2169 1270 2244 id
1298 2168 1391 2273 quod
1415 2168 1564 2277 sequenti
1589 2170 1695 2245 inodo

315 2288 320 2307 ¹
340 2270 498 2357 ostendo.
549 2280 648 2349 Circa
662 2298 783 2375 corpus
799 2278 1006 2373 concipiatur
1025 2266 1216 2373 superficies
1234 2268 1403 2373 sphaerica
1417 2295 1572 2349 centrum
1598 2272 1695 2347 sutum

326 2387 379 2455 ·in
394 2384 464 2473 ejus
481 2396 600 2450 centro
612 2381 753 2451 inertiae
766 2374 911 2463 hebent,
927 2398 1011 2476 quae
1025 2394 1062 2444 ut
1078 2372 1250 2476 quiescens
1264 2372 1512 2475 consideretur,
1535 2373 1574 2448 ad
1591 2400 1694 2479 quam

339 2478 470 2584 singulo
483 2482 636 2579 corporis
653 2476 774 2579 pttntiu
787 2502 847 2575 per
863 2474 969 2551 resins
985 2501 1025 2553 ett
1042 2492 1159 2549 centro
1176 2472 1217 2547 nd
1234 2470 1445 2575 superficiem
1471 2478 1584 2551 ducias
1601 2474 1691 2552 refe·

338 2606 468 2657 rantur.
520 2586 650 2654 Centro
663 2584 765 2679 igitur
782 2572 971 2679 quiescente
987 2576 1148 2674 punt‘ium
1170 2584 1323 2674 corporis
1338 2576 1378 2649 nd
1405 2582 1429 2650 P
1452 2579 1590 2651 telanun
1608 2602 1690 2652 tem·
1718 2584 1855 2688 Fig.9o.

365 2680 484 2757 osculo
500 2682 539 2753 dt
552 2676 769 2751 transferatur
783 2684 820 2749 in
828 2700 853 2779 p
873 2732 883 2763 ,
910 2672 1080 2775 ductoque
1096 2702 1158 2775 per
1177 2679 1201 2746 P
1224 2676 1353 2748 circulo
1379 2686 1526 2750 runaxirno
1552 2682 1633 2751 OPB
1649 2678 1690 2751 nd
1891 2672 1896 2691 '

337 2714 521 2889 spatiolum
540 2784 583 2881 Pp
598 2776 770 2868 normali,
794 2784 829 2851 in
842 2803 885 2850 eo
901 2782 1048 2876 capiatur
1064 2774 1153 2848 aliud
1170 2772 1314 2877 quodvis
1330 2778 1491 2877 puncium
1509 2782 1569 2881 Q,
1594 2779 1687 2881 quod

335 2896 472 2963 interea
491 2876 706 2965 transferatur
721 2882 756 2953 in
771 2904 822 2983 q,
847 2884 891 2951 itt
912 2897 949 2951 ut
966 2896 1055 2951 totus
1079 2904 1172 2951 arcus
1198 2883 1400 2979 interceptus
1425 2879 1542 2987 PQin
1557 2903 1602 2985 pq
1618 2906 1693 2978 per·

335 2978 469 3063 venitin
482 2980 521 3054 srt
538 2977 730 3070 censendus,
744 2976 834 3054 unde
851 3006 929 3054 cum
941 2984 1056 3055 omnia
1070 2983 1224 3083 corporis
1240 2982 1360 3081 punt'ic
1374 3002 1540 3081 perpetuo
1556 2979 1690 3077 easdem

337 3098 428 3165 inter
446 3080 478 3156 se
504 3080 665 3156 distantias
680 3079 829 3171 servent,
843 3090 909 3155 erit
943 3083 1094 3185 qzl’Q.
1168 3084 1252 3183 Qua
1275 3094 1386 3154 autern
1402 3080 1504 3155 asculi
1522 3088 1567 3184 Pp
1582 3104 1615 3155 et
1632 3084 1689 3189 Qq

338 3188 415 3265 sunt
431 3184 562 3257 infinite
577 3190 685 3283 parvi,
699 3203 733 3257 et
747 3183 886 3285 ungulus
897 3106 983 3285 psQ
994 3183 1102 3255 tesius
1120 3206 1233 3269 arcus,
1255 3180 1303 3254 illi
1313 3184 1463 3281 aequales
1479 3182 1544 3258 csse
1559 3211 1685 3286 neque-

337 3312 422 3379 unt,
451 3286 512 3359 nist
533 3292 635 3371 etiam
656 3284 787 3358 arculus
808 3314 830 3393 q
893 3282 934 3355 ad
951 3282 1063 3381 PQfir
1076 3282 1246 3357 nortnrlis.
1314 3288 1566 3358 Continucntur
1584 3285 1687 3355 acribo

337 3418 430 3466 arcus
454 3390 510 3472 PQ
535 3404 566 3460 et
580 3411 657 3493 pq,
692 3384 804 3461 donec
826 3384 884 3459 srbr
902 3406 1082 3459 occurrant
1107 3390 1143 3457 in
1167 3386 1197 3457 0
1217 3402 1349 3458 etcum
1375 3384 1415 3458 sit
1432 3386 1497 3477 ‘ot’
1516 3417 1555 3455 =
1575 3388 1628 3487 Qp
1648 3403 1682 3457 et

337 3494 455 3595 OQ:
476 3492 563 3589 Oq,
598 3506 694 3561 motu
709 3488 821 3564 illoto
838 3514 875 3561 ns
891 3512 986 3561 orcus
1002 3488 1142 3589 OPQin
1164 3488 1240 3585 Opq
1263 3491 1326 3558 erit
1349 3487 1548 3574 translatus,
1586 3478 1681 3559 ideo-

358 3619 400 3667 ue
423 3592 583 3692 punciuns
612 3506 1077 3683 Oinmmsotum
1095 3586 1275 3685 perstiterit
1296 3580 1425 3659 necesse
1446 3588 1501 3663 eti.
1567 3589 1681 3690 Quare

315 3622 432 3769 'stitia
455 3719 494 3764 ex
517 3708 637 3763 centro
661 3714 723 3787 per
737 3691 805 3761 hoc
821 3689 981 3789 punt‘turn
998 3692 1029 3759 Ο
1045 3688 1159 3772 resia,
1181 3712 1253 3760 erun
1272 3706 1376 3761 totum
1392 3693 1519 3763 intereo
1536 3693 1568 3762 in
1585 3696 1679 3791 quie·

332 3816 367 3872 tc
385 3784 833 3897 perseverassemnnisesium
856 3788 927 3876 est,
964 3813 1055 3890 qnae
1069 3793 1171 3889 igitur
1196 3792 1261 3860 erit
1282 3794 1348 3860 axis
1368 3798 1564 3891 gyrationis.
1626 3796 1679 3864 Ex
1769 3850 1772 3857 .

329 3923 403 4001 quo
420 3890 616 3996 perspicitur
629 3916 752 3991 corpus
771 3896 858 3964 circa
869 3913 1025 3964 centrum
1037 3894 1177 3963 inertiae
1191 3886 1361 3989 quiescens
1377 3899 1588 3967 commoveri
1605 3920 1677 3965 uon

326 3994 445 4101 posse,
466 4001 547 4099 quin
559 3991 655 4066 simul
672 4009 744 4065 tote
759 3988 921 4094 quaedam
938 3992 1022 4066 sinen
1039 3992 1126 4064 resin
1142 4016 1204 4093 per
1222 3986 1256 4062 id
1275 4012 1428 4067 centrum
1443 3992 1540 4068 dutus
1563 4018 1676 4067 mane·

328 4118 361 4173 at
374 4105 542 4184 immoto,
566 4092 711 4197 ideoque
726 4115 859 4168 motum
875 4088 940 4167 effe
956 4100 1178 4195 gyratorium.
1251 4094 1310 4165 Sin
1330 4114 1438 4171 nutem
1455 4119 1610 4170 centrum
1624 4102 1674 4167 in·
1758 4118 1760 4125 ·

326 4206 434 4278 ertiae
460 4192 569 4299 ipsum
583 4215 788 4284 moventur,
817 4192 990 4269 uniuersus
1006 4199 1162 4292 corporis
1183 4208 1292 4268 motus
1317 4205 1379 4271 erit
1398 4196 1602 4297 cotnpnsrtus
1619 4192 1677 4269 sen

324 4310 452 4379 mixtus
472 4326 513 4373 ex
539 4315 633 4371 rnotu
654 4294 864 4399 progreffiuo
881 4312 915 4372 et
923 4304 1099 4402 gyratorio
1115 4300 1200 4370 circa
1212 4308 1516 4404 qttetnpiatnnxern
1528 4324 1589 4401 per
1605 4299 1675 4390 ejus

325 4424 485 4481 centrum
497 4408 638 4475 inertiae
659 4396 893 4480 transctnttcnt.

936 4554 1023 4629 Mn
1048 4574 1065 4638 3
1590 4548 1675 4651 0¹0·
