4092 5134
540 448 606 536 128
708 528 710 533 ,
740 422 940 514 CAPUT
956 422 1001 515 11.
1047 416 1126 513 DE
1147 412 1330 507 MOTU
1354 407 1692 503 GYRATORIO

542 621 695 693 omnibus
714 617 885 691 elementis
912 610 1032 684 fitttilcs
1055 615 1144 681 viret
1168 606 1345 695 sustineat,
1381 631 1421 681 ctt
1437 611 1476 678 iis
1492 600 1607 702 colligi
1630 601 1754 701 poterit
1771 592 1894 697 vitro-T·

543 721 614 794 talis
630 777 641 819 ,
666 746 766 821 quam
783 734 892 787 totum
911 736 1033 812 eorpus
1050 715 1201 784 inanem
1219 717 1335 783 exerit.
1589 736 1592 741 >

639 985 709 1058 328·
735 968 833 1035 Vires
853 988 936 1063 ergo
953 984 971 1029 a
987 864 1511 1061 fingullsoelllllnllsldrtae‘pro
1528 947 1650 1025 codem
1666 964 1763 1021 motu
1786 947 1894 1049 angul

543 1072 603 1143 lari
621 1076 783 1141 rationem
804 1082 919 1137 teuent
937 1060 1156 1161 compositam
1175 1058 1352 1136 ntaffarum
1366 1082 1399 1134 et
1414 1056 1643 1131 distantiarum
1655 1051 1694 1121 ab
1712 1074 1770 1139 axe
1786 1066 1806 1121 τ’
1823 1046 1909 1163 elo·¹

541 1189 655 1249 menta
667 1174 768 1270 igitur
789 1171 840 1238 axi
852 1168 1157 1265 propioraminut,
1172 1172 1360 1239 remotiora
1383 1180 1496 1235 autem
1517 1155 1591 1267 plus
1609 1148 1766 1226 efficiunt.
1891 1166 1894 1173 '

647 1444 715 1508 329.
740 1414 874 1490 Deinde
890 1441 974 1489 vero
989 1318 1408 1515 procedtllnoeletluutl,
1434 1420 1482 1485 vis
1505 1436 1606 1515 quam
1631 1412 1698 1480 axis
1718 1366 1757 1478 ab
1779 1429 1820 1477 eo
1839 1397 1895 1475 lu·

541 1517 654 1606 ssinet,
674 1514 822 1617 sequitur
838 1524 1006 1591 rationem
1024 1516 1226 1616 duplicatam
1242 1518 1419 1592 celeritatis
1434 1514 1600 1616 angularis
1616 1536 1624 1580 :
1638 1534 1735 1609 quac
1749 1503 1776 1581 fi
1788 1500 1896 1613 fuerit

543 1616 670 1719 dupla,
693 1624 742 1691 vis
759 1618 815 1692 illa
829 1616 1017 1722 quadruplo
1036 1616 1154 1693 evadet
1176 1628 1295 1716 major.

1054 1774 1296 1847 canora
1355 1794 1383 1866 ι

645 1915 716 1982 330.
744 1893 915 1987 Quoniam
931 1891 1140 1969 elementum
1158 1922 1191 1969 m
1204 1922 1265 1996 per
1279 1894 1507 1994 peripheriam
1523 1884 1641 1960 circuli
1657 1880 1896 1959 circumfertur

516 2010 640 2063 ¹mutu
666 1994 854 2091 aequabili,
878 2002 927 2069 vis
951 1992 1090 2094 quidem
1111 2018 1277 2097 perpetuo
1302 1993 1453 2091 ejusdem
1474 2008 1588 2064 manet
1620 1993 1839 2089 quantitatis,
1863 2002 1898 2059 et

546 2088 656 2163 eidem
674 2099 741 2163 axis
756 2096 882 2193 pantio
907 2125 930 2170 n
951 2122 991 2194 ap
1018 2095 1137 2186 licata,
1175 2094 1232 2173 scd
1257 2095 1400 2171 directio
1417 2101 1789 2195 ,contiuuoqmutatuu
1813 2114 1899 2161 curn

543 2188 677 2293 semper
698 2190 739 2265 ad
756 2194 963 2270 elementum
981 2124 1021 2271 dl
1040 2194 1174 2270 diredla.
1533 2240 1537 2271 ι

956 2356 958 2363 '
1057 2352 1084 2423 S
1096 2354 1124 2423 C
1135 2354 1175 2423 H
1184 2344 1251 2425 Ol.
1267 2355 1287 2425 l
1298 2356 1380 2427 ΟΝ.

644 2470 706 2533 331.
733 2450 839 2546 Supra
853 2445 979 2523 scilicet
992 2450 1090 2547 (213)
1105 2456 1319 2541 invenimus,
1354 2469 1392 2522 ut
1414 2442 1652 2550 corpusculum
1676 2452 1768 2539 cujus
1790 2433 1897 2517 malla

540 2557 580 2618 ὲ
594 2549 642 2645 A,
666 2546 836 2621 celeritate
856 2583 896 2623 =
915 2556 987 2623 vin
1001 2553 1193 2651 peripheria
1210 2552 1340 2649 circuli,
1361 2558 1453 2645 cujus
1466 2546 1576 2621 radius
1599 2578 1637 2616 =
1654 2573 1683 2634 r,
1703 2560 1895 2632 moueatur,

1377 2653 1461 2710 Αυυ

542 2701 612 2768 vim
632 2702 761 2797 requiri
780 2698 821 2773 ad
838 2707 908 2796 ejus
923 2717 1079 2774 centrum
1104 2701 1297 2779 tendentem
1314 2736 1354 2775 =
1377 2734 1477 2843 ’eff’
1545 2704 1632 2773 Cum
1653 2698 1897 2799 igitur'nostro

529 2831 619 2935 ,casu
632 2834 672 2909 su
688 2834 789 2909 mass'a
806 2844 895 2938 A?
915 2840 940 2913 d
948 2840 990 2913 M
1006 2896 1017 2928 ,
1043 2838 1192 2914 celeritas
1217 2867 1245 2939 u¹
1259 2870 1297 2909 ε.-
1316 2858 1405 2925 yx,
1426 2855 1457 2910 ct
1477 2836 1588 2910 radius
1600 2867 1621 2913 r
1635 2872 1674 2911 ,τ
1688 2864 1738 2934 x,
1763 2830 1897 2907 eritillo

573 3022 581 3035 .
631 3028 634 3035 .
678 2968 834 3040 77de
1479 3024 1487 3041 .
1558 3024 1566 3041 .
1818 3025 1825 3038 .

545 3041 598 3089 vus
617 3049 655 3086 =
688 3052 852 3161 Τ,
884 3045 947 3118 qua
968 3018 1092 3115 filum,
1118 3044 1186 3121 quo
1211 3012 1417 3091 elementum
1436 3043 1489 3093 aru
1512 3018 1666 3121 alligatur
1690 3073 1701 3116 ,
1735 3014 1895 3159 tendum,

546 3177 579 3231 ct
604 3183 668 3257 qua
687 3174 865 3256 propterea
880 3149 949 3254 ipse
964 3160 1031 3226 axis
1061 3150 1243 3227 secundum
1264 3152 1488 3230 diredlionem
1508 3184 1570 3231 nm
1584 3154 1792 3233 sollicitatur.
1843 3153 1896 3227 Ab

543 3256 739 3354 hujusmodi
756 3280 838 3357 ergo
853 3257 978 3330 viribus
996 3254 1120 3359 lingula
1136 3262 1204 3327 axis
1222 3256 1343 3357 pundla
1360 3256 1547 3333 afficientur
1564 3287 1574 3333 ι
1601 3258 1679 3331 acfi
1698 3253 1793 3331 nosse
1813 3254 1900 3329 veli*

544 3388 618 3434 mus
636 3368 722 3431 vires
742 3415 753 3455 ,
777 3382 857 3457 quas
875 3359 1037 3455 pondi-um
1052 3384 1076 3431 n
1091 3352 1225 3429 sustinet
1243 3415 1254 3447 ,
1278 3365 1485 3459 concipiatur
1502 3356 1604 3433 sedlio
1622 3361 1718 3462 plana
1736 3384 1796 3459 per
1810 3384 1896 3458 pun·

545 3464 637 3534 dium
650 3488 673 3533 n
686 3458 727 3530 ad
746 3484 843 3531 axem
866 3461 923 3532 EF
947 3456 1145 3533 normaliter
1163 3455 1275 3546 fadla,
1302 3479 1337 3532 et
1359 3468 1472 3534 omnia
1493 3466 1646 3562 corporis
1670 3463 1838 3536 elementa
1858 3463 1897 3530 in

543 3565 612 3635 hoc
630 3558 730 3658 plano
743 3558 803 3634 srtn
816 3565 904 3633 sites
917 3554 988 3633 luas
999 3568 1035 3633 in
1048 3560 1208 3660 pundlum
1224 3588 1248 3633 n
1262 3580 1421 3652 exerent,
1471 3590 1532 3637 uae
1551 3591 1629 3637 curn
1651 3589 1769 3636 omncs
1784 3556 1894 3633 eidem

542 3662 670 3762 pundlo
686 3661 748 3735 sint
767 3660 972 3760 applicatae,
994 3687 1055 3761 per
1071 3660 1369 3762 pracceptallatica
1388 3592 1487 3741 facile
1510 3665 1551 3736 ad
1575 3691 1676 3737 unam
1695 3668 1763 3732 vim
1778 3658 1894 3751 reduci

543 3780 713 3862 poterunt.
767 3766 833 3834 llic
848 3759 973 3837 scilicet
987 3770 1052 3835 erit
1072 3760 1189 3851 casus,
1219 3760 1354 3864 quando
1374 3783 1487 3841 totum
1513 3792 1635 3865 corpus
1649 3760 1745 3864 'quali
1766 3766 1801 3834 in
1825 3762 1892 3864 ple·

550 3890 634 3937 num
653 3860 692 3933 nd
713 3886 807 3935 axem
826 3864 978 3938 normale
996 3860 1100 3936 fuerit
1116 3866 1353 3963 compedium,
1388 3896 1489 3969 quem
1508 3873 1630 3973 igitur,
1660 3883 1838 3965 antequam
1853 3862 1893 3938 ad

545 3982 658 4037 ternas
689 3961 914 4039 dintenliones
936 3962 1219 4069 progrediamur,
1246 3968 1451 4046 evolvamus.
1494 3980 1498 3985 '
1680 3964 1684 3971 ’
1889 3990 1892 3995 “

1007 4121 1355 4197 PROBLEMA.
1398 4150 1437 4217 -4,

646 4246 711 4316 332.
738 4226 773 4298 Si
788 4248 910 4325 corpus
935 4225 1039 4301 fuerit
1061 4229 1182 4304 lamina
1205 4234 1391 4308 tenuillima
1410 4232 1571 4333 plana'ad
1592 4260 1687 4312 axem
1709 4230 1892 4339 gyrationis

545 4326 728 4503 nptmasliq,
755 4354 859 4433 eaque
878 4325 1134 4435 dataeclcritate
1149 4354 1290 4433 gyretur
1307 4394 1318 4429 ,
1345 4335 1570 4417 determinare
1585 4348 1681 4432 vim,
1707 4364 1808 4444 quam
1823 4341 1892 4411 anit

545 4456 562 4499 a
599 4454 637 4501 ca
668 4455 689 4502 u
719 4433 801 4510 inet.
1577 4434 1584 4447 '

1730 4540 1892 4616 SOI-U·
