4092 5134
369 450 438 549 „0
870 418 1104 511 carun
1143 418 1221 511 ιιι.
1286 436 1297 479 1

368 608 474 689 morlo
488 608 649 711 applicata
662 632 739 681 eum
756 606 821 681 illis
838 610 944 683 tribus
969 610 1205 714 aequilibrium
1226 610 1451 684 constitueret.
1511 610 1624 707 Quare
1644 606 1723 681 loco

367 720 416 785 vis
436 712 494 785 Nn
509 708 700 785 substituere
717 708 796 782 licet
812 728 879 781 tres
895 717 983 785 vires
1000 714 1092 803 Mur,
1119 716 1179 815 Εμ
1197 734 1229 787 et
1245 718 1313 803 Fr,
1339 737 1479 813 quarum
1498 712 1597 783 binae
1613 708 1720 809 polle·

367 820 475 887 riores
491 812 550 914 ipsr
564 817 639 901 axi,
667 816 761 911 prior
777 830 889 884 autem
905 820 940 884 in
957 812 1079 889 eodem
1100 815 1200 917 plano
1231 812 1270 887 ad
1285 842 1381 887 axem
1404 812 1550 885 normali
1564 862 1577 901 ,
1601 816 1637 885 in
1654 838 1720 911 quo

367 922 418 987 vis
434 940 505 987 uon
522 906 668 1012 expreffa
694 920 792 1014 agit,
822 914 868 985 esi
888 914 1059 1015 applicata.
1120 920 1209 990 Cum
1227 922 1330 1018 igitur
1355 920 1454 1012 hujus
1478 920 1526 985 vis
1550 916 1628 995 Mer
1650 938 1719 985 tno

367 1036 520 1089 mentum
535 1012 670 1115 aequale
686 1014 724 1086 stt
739 1034 773 1086 et
787 1022 996 1091 contrarium
1009 1038 1187 1094 momento
1206 1026 1255 1090 vis
1274 1024 1309 1089 in
1327 1016 1435 1119 figura
1450 1043 1519 1089 uon
1541 1014 1716 1099 exhibitae,

370 1144 426 1189 eae
443 1122 531 1187 vires
548 1112 588 1185 ad
607 1112 716 1211 ipsum
731 1140 826 1187 axem
846 1115 1019 1191 transferri
1041 1114 1195 1217 possunt,
1220 1118 1330 1221 l'rcque
1349 1120 1427 1191 loco
1442 1124 1491 1189 vis
1514 1118 1591 1189 Mm
1611 1110 1715 1187 subili-

369 1226 482 1290 tuctur
498 1222 546 1287 vis
561 1214 641 1293 Eut
656 1214 715 1315 ipli
741 1216 886 1317 aequalis
907 1238 942 1291 et
960 1218 1114 1317 parallelo
1133 1248 1142 1296 :
1169 1246 1345 1321 quaecum
1363 1246 1380 1290 a
1398 1226 1431 1289 vi
1448 1223 1507 1317 Εμ
1523 1216 1713 1301 deliruatur,
1745 1230 1748 1295 ζ

366 1325 462 1390 unica
479 1316 679 1419 relinquitur
695 1322 744 1389 ris
759 1322 825 1403 Fr,
852 1346 936 1419 quae
950 1327 1017 1414 jam
1031 1320 1144 1393 locum
1158 1328 1207 1391 vis
1223 1324 1280 1393 Nn
1296 1316 1463 1395 sustinebit
1479 1378 1490 1407 ,
1513 1316 1604 1391 ¹dum
1621 1322 1712 1391 ctiam
1743 1330 1748 1347 '

365 1426 416 1491 vis
429 1425 465 1489 in
480 1418 587 1521 figura
598 1445 670 1491 uon
687 1412 834 1519 exprcss'a
847 1426 899 1493 axi
914 1426 948 1493 in
966 1421 1093 1523 purilio
1109 1424 1137 1493 E
1153 1422 1344 1521 applicatur.
1393 1426 1444 1493 Ex
1463 1446 1534 1523 quo
1562 1426 1598 1492 in
1621 1444 1711 1521 gene·
1745 1446 1748 1473 ι

365 1546 403 1592 re
420 1518 634 1619 intelligit'ur,
660 1519 737 1593 loco
752 1526 901 1607 virium,
937 1548 1080 1621 quarum
1104 1540 1275 1595 momenta
1299 1516 1332 1593 se
1354 1518 1559 1617 dcllruun't,
1584 1516 1710 1615 caedent
1745 1510 1747 1521 ¹

367 1629 455 1694 vires
478 1622 537 1719 ipli
554 1627 605 1691 axi
630 1619 806 1719 applicatas
827 1617 975 1695 substitui
1000 1624 1128 1713 licere,
1154 1622 1180 1699 ss
1204 1619 1342 1726 quidem
1365 1622 1568 1701 diretiioues
1595 1618 1708 1699 fuerint
1744 1708 1747 1721 Ι

365 1728 401 1793 in
417 1722 525 1823 planis
543 1720 584 1795 ad
602 1746 699 1797 axem
714 1722 931 1797 normalibus.
995 1742 1000 1749 '
1743 1730 1747 1741 '

822 1912 1170 1989 euomuit
1223 1934 1273 2003 ¹7.

199 2040 271 2146 fig,
295 2066 342 2137 4¹·
461 2053 528 2133 385.
555 2044 590 2113 si
605 2066 728 2161 empus
745 2041 892 2147 rig'durn
907 2054 996 2169 circa
1012 2077 1108 2127 axem
1128 2056 1233 2129 lixum
1250 2062 1312 2133 on
1329 2064 1451 2143 mobile
1468 2090 1485 2136 a
1504 2050 1702 2169 viribusqai·

363 2142 559 2263 buscunque
575 2139 799 2267 sollrcrtetur,
825 2143 967 2223 delinire
982 2158 1082 2252 vires,
1106 2158 1223 2257 quibus
1240 2168 1308 2235 axis
1330 2172 1366 2235 in
1387 2164 1470 2240 datis
1489 2164 1621 2242 duobus
1634 2192 1702 2271 porr·

363 2244 425 2317 t‘lre
444 2246 476 2319 0
492 2264 527 2317 et
544 2239 759 2320 lisullcntarr
773 2246 899 2341 debet,
922 2278 966 2325 ne
983 2250 1025 2327 de
1041 2252 1105 2329 litu
1119 2256 1179 2333 suo
1193 2260 1400 2340 deturbetur.
1539 2288 1547 2303 ·

899 2440 1189 2526 SOLUTIO.

464 2566 527 2638 Per
544 2563 684 2637 alterum
700 2561 1077 2747 ‹latorumpunt‘lorurn
1092 2583 1125 2653 0
1139 2582 1320 2661 llatuantur
1337 2590 1433 2663 binae
1449 2588 1641 2669 direilrices
1652 2584 1701 2661 Ol

364 2683 398 2739 et
414 2665 477 2737 OC
497 2686 564 2738 tarn
578 2671 664 2739 inter
679 2662 713 2739 sc
727 2696 827 2771 quam
844 2699 861 2744 a
898 2700 994 2747 axem
1010 2680 1072 2753 Ob
1092 2688 1289 2785 normales,
1318 2710 1350 2761 et
1374 2693 1485 2792 posrtis
1505 2722 1569 2793 pro
1594 2678 1720 2793 corpu
1743 2754 1746 2761 .

362 2774 410 2840 rir
425 2764 596 2843 elemento
610 2776 730 2870 quovis
744 2776 810 2846 AM
830 2780 865 2847 in
880 2780 907 2849 Z
923 2776 986 2850 fito
1003 2788 1108 2855 ternis
1127 2786 1329 2863 coordinatis
1345 2794 1406 2865 ΟΧ
1424 2830 1462 2865 =
1479 2824 1530 2886 x,
1554 2800 1614 2871 ΧΥ
1627 2818 1699 2891 :ys
1737 2760 1746 2893 l

363 2870 585 2955 etYZ.-:z,
609 2891 751 2943 vocetur
765 2882 835 2961 ejus
859 2880 898 2947 ab
917 2902 979 2950 axe
1007 2880 1156 2959 distantia
1178 2892 1239 2967 X'L
1263 2925 1300 2961 =
1320 2908 1363 2982 Γ
1381 2902 1455 2994 (yy
1475 2910 1511 2985 -Ι-
1528 2904 1606 2995 22>
1626 2928 1661 2965 =
1677 2918 1700 2967 f·
1738 2898 1746 2967 l

365 2967 461 3043 Tum
478 2966 731 3041 confideremus
745 2972 891 3073 lingulae
908 2983 996 3049 vires
1019 3008 1141 3083 corpus
1164 2985 1400 3091 sollicitantes,
1426 3020 1458 3067 et
1481 3024 1566 3098 quac
1590 2998 1700 3073 suerin!
1738 2972 1746 3049 l

362 3064 535 3163 obliquae,
561 3066 771 3143 relolvantur
787 3080 822 3144 in
836 3076 945 3163 binas,
968 3107 1108 3181 quarum
1120 3088 1241 3165 alterae
1255 3093 1317 3166 lint
1331 3104 1380 3168 axi
1398 3100 1459 3169 Oti
1467 3100 1652 3197 parallelae,
1665 3096 1699 3167 al·

364 3182 455 3236 terae
477 3173 608 3285 veroin
628 3166 734 3265 plauit
749 3172 790 3243 ad
810 3202 905 3249 axem
927 3186 1134 3261 normalibus
1161 3191 1223 3265 lint
1244 3193 1330 3269 suae.
1382 3202 1541 3297 Priores,
1568 3228 1649 3305 quae
1670 3191 1700 3271 all
1740 3134 1746 3243 l

362 3286 498 3342 motum
514 3268 601 3339 nrltil
625 3269 835 3367 conferunt,
866 3302 1029 3381 quantum
1052 3284 1210 3367 effeilum
1239 3302 1274 3368 in
1298 3324 1393 3369 axem
1422 3326 1587 3393 exerant,
1619 3300 1700 3403 supti

362 3374 411 3463 (ᾗ,
428 3374 514 3489 373.)
537 3366 776 3462 definivimus,
806 3378 894 3453 unde
920 3379 1015 3457 llmul
1037 3410 1157 3487 patet,
1198 3419 1339 3496 quantae
1364 3406 1449 3473 vires
1473 3404 1551 3478 iude
1574 3412 1609 3477 iu
1630 3402 1700 3477 daris

359 3472 491 3569 puntlrs
509 3473 541 3540 Ο
556 3489 589 3543 et
603 3476 631 3544 Α
647 3479 808 3553 oriantur.
859 3482 1063 3565 Polleriores
1087 3521 1170 3568 vero
1190 3496 1286 3571 sunul
1305 3502 1484 3599 praebeant
1501 3526 1701 3585 momeuttml

363 3568 519 3667 :Vfad
536 3582 710 3695 qorpusin
728 3575 932 3691 sensuch
953 3593 1248 3675 convertendum:
1282 3628 1397 3675 earum
1420 3626 1531 3681 autem
1576 3590 1702 3683 uaeubii

360 3670 492 3843 purilio
505 3698 575 3745 arus
592 3701 646 3747 cur
661 3674 852 3779 respondet,
866 3690 901 3757 iu
916 3686 972 3761 sua
982 3688 1167 3769 diretiione
1182 3698 1376 3799 applicetur,
1391 3636 1701 3801 cujusmoliuna'vir

375 3788 401 3841 rt
417 3770 459 3843 Ll
469 3806 509 3841 =
522 3774 558 3845 L.
610 3778 718 3873 Hujus
736 3809 820 3943 erpo
835 3784 914 3859 loco
928 3794 1304 3954 inOetALapplicentur
1321 3812 1408 3879 vires
1417 3810 1594 3909 parallelae
1609 3816 1665 3887 Ob
1676 3830 1702 3885 et

362 3924 418 4007 nl,
439 3938 474 3993 ut
494 3920 534 3994 fit
549 3925 608 3995 Oa
620 3960 659 3997 =
680 3932 717 4001 L
738 3886 844 4053 {Bet
855 3942 960 4012 AL:
973 3946 1011 4018 L.
1023 3898 1139 4069 ᾗ,
1167 3961 1289 4057 quippe
1315 3986 1398 4061 quae
1425 3958 1509 4036 duae
1528 3965 1583 4039 illi·
1603 3970 1704 4069 aequi·

361 4057 501 4133 ualent:
525 4082 624 4163 atque
640 4068 708 4141 hoc
722 4074 827 4149 modo
846 4102 887 4148 err
903 4076 1040 4181 lingulis
1056 4092 1180 4163 viribus
1198 4095 1277 4169 tales
1297 4099 1391 4172 binae
1416 4107 1503 4177 vires
1529 4102 1569 4175 ad
1594 4102 1705 4205 puniit

355 4162 393 4233 0
408 4180 442 4234 et
461 4164 760 4251 ntransferanuu.
810 4176 942 4253 Deinde
961 4210 1046 4258 uero
1061 4190 1169 4285 polito
1188 4198 1365 4273 intervallo
1383 4204 1446 4275 ΟΛ
1462 4206 1569 4293 '='a,
1598 4208 1643 4279 ob
1665 4212 1708 4275 vl-

358 4264 1285 4439 realipethprrnclaOeti-stillincbrmtviresOe,
1318 4306 1370 4379 Aa
1394 4322 1425 4379 et
1448 4308 1532 4397 Osa,
1569 4313 1629 4389 Aa
1649 4308 1708 4383 illis
1743 4330 1744 4335 ’

359 4388 439 4467 para
468 4362 562 4455 elas,
585 4373 742 4449 rtautfit
1463 4466 1465 4471 .
1742 4426 1745 4457 ¹

1735 2452 1741 2481 l

1664 4563 1709 4631 rit
