4092 5134
470 352 1112 534 mummiucmrouuu
1139 384 1459 501 uicinorum
1485 393 1568 495 &04
1621 436 1690 521 237

321 598 499 699 cipiantur
520 622 638 671 omnes
659 586 976 701 uir·er'pollcrioree
994 576 1053 695 lin
1070 590 1143 673 ulae
1158 589 1348 669 -se'cuu'dtim
1368 591 1439 670 liras
1462 593 1685 677 direliionea:

322 718 403 777 turn
422 698 449 773 sr
465 697 573 799 placet
591 717 662 772 tota
678 692 779 773 eiiam
795 690 958 796 corporis*
970 719 1023 765 ma
1054 720 1071 765 a
1087 701 1124 769 in
1136 694 1259 770 eo'denr
1268 696 1402 798 'pundo
1419 697 1559 772 collcdia
1575 699 1684 775 confi·

321 798 502 901 deretut3
528 820 567 875 ut
586 800 746 874 habeatur
768 794 860 897 casm
881 794 998 897 punsli
1014 791 1071 869 seu
1084 797 1274 899 'corpusculi
1299 797 1548 903 inliniteparri
1573 806 1689 889 auiti,-¹

320 904 391 978 bria
402 898 660 1005 'quibuscunque
674 874 839 975 sollidittii
854 916 877 989 ','
891 900 992 1001 quem
1008 914 1069 997 per
1085 898 1264 1003 praecepta·
1283 895 1453 1002 superiora
1470 901 1627 1003 expedire
1644 902 1684 976 lt·

320 1004 427 1079 cebit.
479 1001 612 1092 Deinde
627 1030 692 1104 pro
707 1000 806 1078 mirlu
820 1004 1008 1103 gyratorio,
1023 996 1148 1073 omisa
1162 996 1358 1103 virlituaper
1368 1022 1522 1077 centrum
1537 1011 1680 1078 inertiae

319 1098 600 1194 transeuntibus,
626 1104 880 1179 considerentur
904 1127 962 1175 eae
988 1097 1099 1191 solae,
1127 1130 1270 1203 quarum
1285 1100 1395 1177 media
1412 1101 1555 1179 diredlio
1574 1107 1619 1179 eti
1645 1113 1681 1179 in

344 1206 428 1279 lano
445 1231 506 1305 per
528 1226 682 1279 centrum
697 1212 843 1303 ¹inertiae
866 1200 908 1277 a'd
925 1228 1025 1275 axern·
1034 1204 1232 1278 normaliter
1247 1200 1349 1278 dudio
1366 1262 1377 1304 ‚
1402 1224 1501 1317 atque
1516 1233 1556 1287 err
1570 1205 1682 1307 fiugu·
1706 1288 1709 1297 ,

319 1234 361 1381 le
379 1304 439 1379 uel
455 1313 487 1378 vi
503 1309 658 1381 omuibus
674 1307 904 1411 aequivalente
923 1302 1103 1407 ¹colligetur
1121 1326 1335 1381 momentum
1359 1301 1510 1417 respeslu
1536 1314 1603 1380 axis
1620 1334 1682 1409 gy·

322 1413 492 1496 rationis,
520 1406 651 1508 quodsi
665 1406 818 1483 suerit:
829 1408 905 1505 Vs,
924 1411 1068 1479 mutatio
1085 1427 1198 1480 motus
1213 1404 1377 1511 gyratorii'
1398 1404 1476 1481 in'dr'
1498 1407 1628 1482 elicitur
1643 1428 1682 1483 ut

323 1508 436 1611 supra,
460 1515 602 1609 cognito
622 1530 734 1586 autent
755 1506 1062 1613 seorlimuutroque
1084 1526 1182 1585 nictu
1203 1504 1382 1613 uniuersus¹
1396 1502 1550 1613 c'orporis
1567 1531 1683 1595 motus·

325 1608 447 1713 sponte
468 1608 661 1691 innotescit.
912 1634 915 1639 ·
1243 1628 1247 1635 '
1390 1626 1395 1637 ’

816 1758 1115 1843 canori.
1166 1762 1243 1837 1.''

426 1922 494 2009 613.
517 1913 569 1991 Ad
594 1932 729 1988 momm
764 1938 848 2018 ergo
872 1910 1116 2019 progreffivum
1141 1906 1371 1989 definiendum
1386 1900 1409 2001 ‚⁴
1434 1910 1678 2003 ornnet'viret,¹

327 2019 444 2123 quibus
468 2044 590 2119 corpus
616 2014 838 2105 sollicitatur,
872 2012 1070 2121 singularia
1099 2012 1162 2088 suis
1193 2014 1433 2089 diredliouibur
1454 2012 1497 2105 ad
1521 2036 1677 2088 centrum

325 2126 465 2197 inertiae
481 2116 652 2193 transferri
668 2114 818 2207 debent,
841 2144 901 2217 per
924 2138 1046 2218 easque
1069 2138 1182 2191 motus
1205 2114 1430 2218 pregrell'rvus
1452 2112 1593 2218 perinde
1617 2112 1677 2193 de·

325 2221 560 2311 terminabitur
576 2276 590 2319 ,
613 2246 653 2294 ac
671 2218 823 2293 sinulluc
837 2238 948 2293 motus
962 2226 1152 2320 gyratoriur
1169 2214 1307 2297 adesset.

805 2372 1110 2446 cononi„
1160 2395 1193 2444 a·

425 2531 496 2615 614.
522 2517 730 2595 Admotum
752 2537 865 2593 autem
887 2526 1105 2624 gyratorium
1121 2496 1350 2603 definiendum
1372 2524 1523 2594 omniurn
1550 2526 1675 2597 virium

323 2618 570 2699 sollicitantium
580 2618 782 2722 colligantur
798 2642 971 2695 momenta
984 2614 1134 2719 respelin
1152 2622 1426 2719 axisgyratiouis;
1439 2624 1584 2723 hincque
1602 2649 1675 2695 rno-

317 2744 376 2798 'tur
390 2730 581 2827 gyratoriur
593 2718 733 2817 perinde
748 2718 1051 2806 determinabitur,
1080 2744 1117 2789 ac
1138 2713 1163 2789 li
1185 2718 1294 2790 nullus
1317 2708 1440 2792 adellet
1463 2742 1572 2794 mutua
1593 2749 1676 2823 pro·

323 2826 512 2931 grossivus,
538 2818 596 2894 seu
612 2824 680 2891 aris
694 2810 1070 2921 gyratiouistenere'lur
1084 2816 1179 2896 fixus.

838 2972 1168 3051 SCHOLlON.

426 3133 494 3218 615.
522 3120 751 3199 Corollarium
766 3126 859 3224 prius
884 3102 1163 3223 latissimepatet,
1192 3122 1242 3195 uti
1256 3111 1344 3195 infra
1364 3120 1674 3223 videbimus,quo·¹

315 3221 562 3325 modocunque
575 3232 676 3297 etiam
692 3233 780 3298 vires
790 3220 1004 3296 sollicitantes
1018 3220 1145 3296 fuerint
1163 3224 1362 3324 applicatae:
1380 3228 1435 3297 hic
1449 3245 1561 3296 autem
1579 3216 1670 3297 suffia

315 3336 386 3403 ciat
403 3322 438 3395 id
459 3323 574 3397 saltem
589 3350 653 3425 pro
669 3322 832 3422 ejusmodi
853 3326 1009 3412 riribna,
1030 3319 1142 3425 quales
1165 3331 1201 3396 in
1220 3324 1427 3424 problemate
1452 3320 1669 3412 atsmnlimua,
1715 3316 1739 3365 ,⁸
1789 3362 1800 3391 κ

315 3410 482 3505 admisisse
501 3456 511 3502 ι
539 3428 703 3526 posterius
721 3453 805 3502 uero
821 3426 936 3501 locum
949 3452 1020 3499 non
1036 3427 1163 3523 habet,
1186 3425 1246 3498 nili
1269 3431 1422 3511 virium,
1453 3451 1537 3528 quae
1557 3451 1619 3524 per
1636 3422 1672 3498 se
1779 3494 1790 3517 s
1914 3526 1917 3533 ι

315 3558 389 3617 non
408 3526 580 3601 transeunt
592 3555 653 3626 per
670 3549 825 3602 centrum
836 3518 1005 3629 inertias,
1026 3527 1136 3601 media
1158 3524 1301 3600 dirediio
1314 3525 1380 3607 ‚sna
1397 3522 1500 3601 firerit
1516 3531 1551 3598 in
1568 3526 1674 3629 plano

315 3632 359 3707 rd
383 3656 480 3703 axem
504 3628 652 3702 normali
678 3649 713 3702 et
737 3656 798 3730 per
821 3648 974 3703 centrum
994 3626 1135 3703 ¹inertiae
1162 3626 1381 3704 transeunter
1405 3626 1556 3731 alioquin
1578 3634 1671 3703 enirn

315 3730 386 3810 arria
402 3730 461 3804 srbi
477 3757 546 3803 uon
567 3749 717 3806 maneret
729 3728 913 3832 parallelus.
942 3725 1146 3831 Longissime
1160 3755 1244 3831 ergo
1257 3722 1365 3802 adl'ruc
1381 3725 1536 3803 distamus
1553 3756 1571 3801 a
1587 3756 1671 3831 pro.-

315 3838 461 3912 blemate
474 3832 647 3932 generali,
671 3860 743 3933 quo
756 3840 906 3931 corporis
922 3830 1023 3933 rigidi
1040 3859 1058 3903 a
1081 3831 1204 3907 viribus
1227 3832 1478 3933 quibuscrmque
1498 3829 1668 3906 sollicitati

315 3957 433 4013 motus
449 3940 648 4034 quaeritur:
678 3961 746 4034 quo
762 3940 865 4035 igitur
888 3936 1052 4006 continuo
1072 3936 1210 4034 propius
1237 3960 1279 4006 eo
1302 3929 1519 4020 accedamus,
1541 3959 1667 4033 corpur

315 4035 468 4144 rigidum
481 4040 640 4136 inquiete
656 4031 931 4123 consideremus,
958 4056 991 4107 et
1004 4033 1086 4107 dum
1100 4062 1119 4107 a
1135 4036 1260 4116 viribus
1275 4034 1529 4138 quibuscunque
1540 4033 1664 4109 sollici·

315 4162 439 4232 :etur‚
483 4141 603 4209 rimam
620 4156 733 4210 motus
746 4142 1001 4238 generationem
1016 4136 1263 4238 investigemus.
1311 4139 1475 4238 Quarnvia
1494 4144 1585 4211 eninr
1601 4138 1665 4210 sla·
1733 4224 1742 4231 .

315 4254 378 4321 im
393 4164 481 4313 illud
496 4238 666 4334 problema
683 4237 822 4341 aggredi
837 4230 1005 4339 pollemus
1021 4256 1130 4312 tamen
1155 4239 1328 4339 praessabit
1348 4266 1410 4344 per
1433 4237 1554 4343 gradus
1570 4236 1662 4340 quali

315 4375 352 4422 ro
371 4337 578 4427 ascendero,
606 4360 644 4410 ut
657 4343 723 4416 hoc
738 4336 845 4419 modo
861 4340 1043 4415 clariorem
1059 4346 1214 4420 orricium
1229 4341 1475 4422 elememorun
1496 4340 1665 4442 cognitio·

315 4474 396 4525 rem
423 4435 679 4541 consequamur.

458 4572 462 4577 ’
933 4542 1042 4645 Gaa
1441 4538 1664 4647 ,catur
