4092 5134
346 432 431 538 296
546 444 557 489 <
592 400 899 529 cattum-xli
923 412 1044 501 ..s-DE
1068 414 1488 507 Moruutumtu·
1522 496 1532 505 .

347 612 444 686 nulus
466 604 635 709 quiescat]
668 615 897 707 corpus-circa
922 606 1047 678 haslam
1069 604 1295 707 quiescentem
1314 604 1444 703 tlajleir
1460 606 1648 697 -auer'uTPQ
1657 606 1702 685 fiss·

348 742 426 787 xum
442 712 639 813 gyrabitur:
661 708 833 805 sinautem
857 709 1008 781 dematur
1031 731 1144 781 motus
1165 716 1252 783 circa
1279 710 1431 794 hallam,
1468 705 1625 810 solusque
1643 736 1701 787 an-

347 815 444 889 nulus
462 820 547 885 circa
567 808 762 907 cardinevZ
777 830 843 883 etz
860 828 1008 905 evitetur,
1030 813 1227 909 incorpore
1244 818 1374 885 orietur
1389 828 1502 884 motus
1509 816 1701 915 gyratoriut

347 916 483 1019 sunplex
501 920 588 987 circe
601 874 881 1001 aneru'fi'xuuuad
896 909 1048 983 cardines
1067 912 1101 986 Z
1117 930 1150 983 et
1166 908 1477 1015 apertiogeuterrr..
1516 974 1519 979 .
1614 948 1629 969 ·=
1647 951 1663 984 =·.
1692 984 1699 993 ,

362 1022 415 1065 >313
495 1024 660 1053 .·=‹·
779 1012 847 1043 ι-“’
1059 1016 1064 1024 ¹
1137 1008 1140 1015 '
1288 1010 1386 1059 ,’
1564 1018 1659 1037 ⁸·

363 1054 369 1065 ·
518 1038 553 1064 '·›
597 1050 616 1063 0·
677 1032 818 1069 ·=¹·-'-¹'
921 1036 973 1055 ''‘
1059 1052 1062 1057 ·
1119 1040 1318 1085 ῖ.)··,,ι,,,;
1374 1043 1570 1085 ι·’,-·’·,·,,

359 1094 471 1167 tn..
675 1132 689 1147 -.
716 1128 727 1165 t
754 1083 802 1169 rs
827 1086 854 1153 c
878 1084 965 1173 uo
990 1083 1059 1153 nr
1083 1084 1180 1175 au.
1213 1108 1299 1181 .-³-·.
1403 1148 1412 1173 .,
1611 1066 1708 1181 ῗ.,-.·

445 1236 530 1309 734.
556 1209 654 1283 Talis
671 1228 780 1281 motus
794 1207 869 1280 fieri
887 1205 1006 1279 dicitur
1022 1214 1109 1280 circa
1126 1229 1227 1299 auem¹
1238 1206 1399 1280 mobilem
1415 1202 1435 1307 ‚'
1452 1200 1512 1305 'qui
1528 1210 1635 1309 probe
1650 1206 1699 1281 di-

343 1313 557 1417 slingueudus
575 1314 621 1405 9st
634 1314 651 1381 a
666 1332 762 1383 motu
776 1316 864 1383 circa
877 1336 972 1383 axem
1002 1304 1195 1381 variabilem
1213 1364 1236 1399 ,.
1251 1310 1385 1413 qualem
1401 1319 1444 1383 iu
1467 1310 1698 1411 praecedenti·

344 1427 401 1492 bus
420 1413 714 1489 consideravimus.
751 1492 753 1497 ,
779 1414 912 1512 Corpus
944 1418 1035 1483 enim
1051 1418 1139 1483 circa
1155 1438 1250 1483 axem
1269 1412 1461 1485 variabilem
1476 1420 1590 1515 gyrari
1614 1404 1697 1487 diciss

330 1528 423 1605 uun,
448 1515 589 1619 quando
608 1520 772 1601 continuo
797 1517 882 1585 eirca
900 1512 997 1584 aliam
1013 1512 1136 1586 lineam
1151 1524 1211 1611 pei
1229 1521 1299 1609 ejus
1315 1533 1467 1586 centrum
1483 1514 1699 1588 inertiaedn

343 1624 430 1693 diam
457 1636 616 1721 gyratur,
649 1642 734 1717 quac
758 1618 871 1699 etiam'
887 1642 928 1688 eo
952 1615 1084 1689 iullauti
1105 1622 1237 1688 'revera'
1251 1614 1397 1717 quiescat
1414 1632 1440 1711 3'·
1453 1632 1553 1717 atque
1571 1616 1615 1689 de
1640 1614 1705 1687 teli·

343 1736 402 1795 atie
422 1728 535 1793 munia
554 1714 866 1817 suut'iut'elligenda‚
878 1744 961 1819 quae
978 1714 1076 1819 sup'ra
1092 1710 1134 1785 de
1152 1726 1252 1789 motti
1263 1724 1436 1819 gyratorio
1452 1715 1527 1813 sunt
1545 1716 1706 1816 expositu

344 1814 489 1921 Quando
505 1842 615 1893 autem
630 1816 771 1891 dicimus
790 1846 911 1919 corpus
938 1824 1025 1891 circa
1044 1840 1138 1893 axem
1163 1820 1325 1891 mobilem
1339 1826 1479 1921 gyrari,
1510 1846 1611 1920 quae·
1623 1818 1698 1891 idea

267 1920 270 1929 ¹
344 1952 433 2003 nunc
449 1922 590 1995 demum
605 1924 700 1993 nolris
719 1942 791 1992 nata
814 1924 859 1995 cll
873 1916 1062 2012 censenda,
1086 1924 1154 1993 a'xis
1168 1918 1318 2023 'quidem'
1334 1931 1398 1993 crit
1418 1938 1510 1993 certa
1531 1920 1705 2022 quaedam·

349 2028 434 2101 linea
451 2034 493 2097 'in
520 2049 664 2121 corpore
688 2024 825 2093 exisleus
848 2024 1074 2109 invariabilis',
1106 2050 1191 2119 quae
1219 2044 1331 2094 autem
1358 2019 1526 2124 ipsacum
1551 2038 1702 2123 corpore

348 2147 553 2226 moveatur3
580 2130 622 2193 ita
642 2144 678 2193 ut
696 2124 752 2193 illc
776 2130 842 2193 axis
865 2124 999 2196 mobilis
1016 2150 1187 2227 nunquam
1208 2122 1364 2227 quiescat.
1433 2129 1480 2195 lta
1503 2132 1571 2196 axis
1589 2146 1699 2197 terrae

349 2234 407 2333 qui
424 2226 489 2301 lro'c
506 2252 632 2298 nomeu
647 2250 771 2325 genere
793 2221 901 2312 solet,
931 2252 1002 2296 non
1026 2226 1072 2297 esl
1090 2234 1158 2297 axis
1170 2225 1342 2297 'variabilis
1353 2221 1416 2295 :sed
1432 2226 1566 2297 mobilis
1582 2286 1593 2317 ,
1617 2250 1697 2297 cum

351 2340 386 2404 iu
406 2349 494 2404 terra
513 2328 551 2399 su
576 2330 662 2400 linea
686 2322 847 2428 quaedam
870 2326 955 2423 stra,
969 2322 1029 2397 sed
1052 2326 1182 2402 labente
1202 2336 1358 2427 tempore
1378 2324 1418 2397 ad
1441 2327 1502 2399 alia
1516 2347 1615 2429 atque
1633 2328 1700 2399 alia

351 2432 436 2507 coeli
456 2432 576 2535 pundo
591 2427 777 2528 dirigatur:
803 2432 861 2527 qui
882 2454 965 2529 crgo
984 2434 1086 2503 etiam
1100 2430 1317 2503 abstra'tlione
1338 2426 1423 2501 facia
1441 2456 1458 2501 a
1476 2426 1569 2503 mo'tu
1587 2451 1699 2504 terrae

350 2532 570 2607 annuonullo
591 2536 751 2627 temporis
776 2530 901 2627 puudlo
924 2526 1087 2637 quiescit,
1117 2532 1243 2609 etiamst
1270 2541 1338 2625 ejus
1362 2532 1536 2608 motus.lit
1560 2530 1698 2606 tardissi-

349 2663 433 2709 mus.
490 2640 618 2707 Verum
637 2637 756 2731 quovis
777 2651 930 2729 tempore
947 2630 1008 2701 alia
1023 2632 1184 2733 quaedam
1202 2634 1286 2706 linea
1301 2637 1335 2700 iu
1351 2650 1439 2701 terra
1454 2630 1604 2731 assignari
1621 2654 1697 2732 pot·

351 2738 421 2823 cll,
447 2762 530 2837 quac
550 2755 621 2805 tum
640 2758 756 2805 revera
771 2729 939 2833 quiescat,
963 2727 1109 2807 successu
1129 2738 1292 2833 temporis
1314 2753 1427 2804 autem
1441 2740 1606 2807 continuo
1624 2740 1696 2805 mu'-

351 2860 439 2910 tetur
465 2865 474 2913 r
514 2840 676 2932 huiusque
703 2832 853 2933 respedlu
876 2856 964 2905 terra
988 2842 1076 2907 circa
1096 2862 1194 2909 axem
1220 2834 1412 2905 variabilem
1435 2842 1547 2935 gyrari
1572 2836 1618 2909 cil
1649 2834 1698 2909 di·

351 2936 463 3013 cenda.
527 2938 579 3006 Ob
604 2934 745 3031 mutum}
758 2954 870 3005 autem
885 2940 1177 3033 aequiuor‘liorum
1197 2932 1415 3007 tardissimum
1436 2962 1516 3035 prae
1532 2956 1631 3011 utotu
1649 2936 1700 3015 di·‚

349 3065 436 3111 nrno
461 3032 650 3107 differentia
672 3042 760 3107 iuter·
783 3062 901 3107 verum
929 3057 1037 3109 terrae
1064 3060 1158 3108 axem
1181 3055 1214 3108 et
1237 3062 1333 3109 axem
1360 3036 1558 3129 variabilem
1577 3045 1698 3139 q'uovis

350 3164 502 3235 tempore
526 3137 636 3209 locum
654 3137 829 3209 habentem
849 3135 920 3208 sere
935 3143 1065 3235 penitus
1080 3139 1125 3211 ell
1142 3138 1414 3237 imperceptibilis
1429 3170 1440 3229 3
1476 3128 1694 3237 quaerentem

348 3243 372 3315 fi
389 3236 469 3313 essct
485 3239 638 3311 notabilis
655 3296 665 3325 ,
691 3246 724 3310 iu
750 3240 960 3331 llsqunomia
978 3237 1372 3333 summamattentionem
1387 3240 1594 3337 poslularet,
1617 3268 1694 3314 cum

350 3342 598 3417 observationes
622 3366 684 3437 pro
707 3342 893 3413 elevatione
910 3342 994 3435 -poli
1020 3343 1184 3413 inllitutae
1206 3368 1277 3423 non
1300 3342 1397 3413 strum
1423 3348 1491 3412 auis
1513 3350 1614 3429 vcri,
1641 3340 1697 3417 sed

349 3452 415 3518 axis
432 3444 593 3515 variabilis
611 3470 652 3513 eo
669 3459 823 3541 tempore
838 3438 1010 3513 ostendant
1028 3474 1046 3531 ,τ
1068 3446 1157 3515 circa
1171 3470 1277 3546 quem
1291 3440 1419 3515 scilicet
1438 3463 1510 3515 tum
1526 3442 1700 3545 quiescen-

352 3572 419 3622 tem
446 3569 533 3627 terra
556 3565 708 3647 gyretur.
1351 3554 1358 3568 '
1694 3568 1699 3584 ·

795 3670 1267 3765 uacarent-ns

448 3829 520 3896 735.
547 3806 579 3872 Si
598 3805 733 3899 corpori
753 3792 865 3895 rigido
887 3782 1018 3869 duobus¹
1037 3798 1157 3893 'axibus
1181 3796 1416 3897 principalibus
1442 3796 1575 3897 paribus
1603 3822 1698 3897 prac-

350 3906 419 3988 dito
440 3910 756 4001 mams-quicuuque
772 3904 982 3995 imprimatur
997 3956 1015 3993 ‚,
1033 3892 1221 3999 corpusque
1246 3926 1263 3968 a
1282 3900 1383 3995 rutilis
1405 3900 1530 3971 viribus
1554 3903 1700 3970 externis

350 4006 544 4089 sollicitetur
558 4060 577 4087 ,.
595 4030 703 4103 neque
723 4026 861 4103 usquam
879 3994 1091 4093 retineatur,
1114 3992 1294 4103 quominur¹
1316 4002 1447 4085 motum
1473 3990 1569 4097 su'ul'u
1593 3998 1701 4071 libere

350 4106 505 4211 prosequi
524 4102 892 4205 polllt,tletermirmre
907 4120 1065 4193 motum,
1088 4130 1158 4205 quo
1173 4104 1309 4175 t'u'overi
1319 4108 1447 4205 p'e'r'get.
1509 4120 1520 4193 j
1580 4094 1623 4205 ¹.
1695 4124 1723 4199 j,

415 4324 418 4329 .
878 4258 985 4325 SOL
1008 4262 1040 4325 U
1059 4260 1117 4325 Ti
1134 4260 1167 4324 0.

451 4364 598 4431 Priorum
618 4347 834 4451 dispiciatur,
859 4374 970 4423 utrum
998 4354 1042 4423 ob
1060 4374 1192 4423 motum
1216 4349 1411 4451 impressum
1435 4360 1699 4431 centrumiucr-

351 4470 410 4537 tiac
427 4478 603 4535 moventur
617 4482 685 4529 uec
699 4483 743 4530 ue
761 4462 772 4528 ?
795 4454 817 4528 st
835 4457 924 4527 euim
939 4472 1146 4551 moveatur,
1167 4481 1289 4555 corpus
1313 4458 1447 4531 habebit
1466 4452 1598 4531 molum
1618 4481 1702 4555 pro<

1512 4556 1696 4662 gresl'rvum
