4092 5134
434 434 751 525 ausonurrs
780 382 1070 523 sxsmrsu
1099 431 1372 524 omuuu
1400 398 1636 557 Parma.
1671 462 1715 548 71

358 624 445 699 adeo
462 612 921 728 rii'ensurae'ponderumfint
937 624 1142 720 notiffimae,
1178 623 1284 698 littera
1307 625 1441 699 A‘vero
1465 622 1614 719 ejusdem
1638 652 1714 698 cor·

359 736 451 829 poris
466 724 601 801 mulsam
620 728 775 817 denotat,
803 736 896 821 cujus
916 734 1069 827 cognitio
1083 753 1142 826 per
1159 724 1197 799 sc.
1212 726 1381 799 occultior
1406 752 1445 795 eu
1473 730 1541 798 hoc
1566 724 1636 823 ipso
1666 725 1713 797 sa·

358 840 398 903 tis
417 830 504 901 clare
526 838 727 930 percipitur,
754 829 845 930 qtrtrd
861 826 899 898 lit
916 828 1058 927 ponderi
1075 830 1347 926 proportionalis.
1398 826 1531 901 Deinde
1552 836 1713 925 temporis

342 954 374 1007 ·t
393 939 492 1003 etiam
506 932 632 1003 elasam
650 936 808 1005 habemus
826 937 1028 1015 not-ionem,
1055 957 1131 998 cum
1149 938 1217 1023 ejus
1232 936 1449 1035 quantitatem
1470 957 1529 1028 per
1543 928 1712 1002 mensuras

313 1040 315 1045 ’
358 1030 565 1120 certissimas,
584 1034 686 1105 veluti
703 1040 832 1105 minuta
850 1028 1008 1117 secunda,
1035 1030 1089 1100 vel
1113 1034 1240 1102 mirmta
1266 1038 1391 1129 prima,
1412 1032 1466 1103 vel
1485 1034 1586 1101 lioras
1602 1037 1711 1129 expri-

359 1126 452 1206 mere
468 1132 642 1208 valeamus.
697 1132 849 1206 Altitudo
868 1151 978 1200 nutem
994 1159 1030 1215 s,
1060 1158 1136 1202 cum
1161 1131 1201 1202 fir
1226 1134 1311 1203 linea
1327 1130 1434 1215 retia,
1460 1158 1520 1230 per
1542 1130 1711 1205 mensuras

359 1242 579 1336 geometricas
605 1235 776 1307 desinitur.
837 1236 963 1302 Verum
992 1230 1099 1303 littera
1124 1256 1167 1321 a,
1195 1260 1257 1334 qua
1283 1233 1579 1332 porportionalitas
1604 1232 1711 1305 deter-

359 1344 523 1423 minatur,
551 1362 610 1434 per
644 1333 676 1405 se
706 1334 881 1405 definitum
915 1334 1064 1405 valorem
1090 1362 1161 1405 non
1184 1343 1321 1433 recipit,
1348 1331 1404 1405 scd
1437 1354 1539 1433 prout
1561 1335 1709 1434 reliquae

318 1508 324 1515 ,
358 1445 554 1539 quantitates
572 1436 612 1505 ad
636 1436 711 1507 alias
739 1457 836 1533 atque
864 1432 939 1505 alias
969 1414 1137 1507 rnen'suras
1169 1464 1229 1508 ceu
1269 1443 1408 1509 unitates
1438 1434 1641 1524 reseruntur,
1666 1444 1709 1507 ita

336 1562 338 1567 ·
359 1546 459 1611 etiam
477 1536 526 1605 illi
545 1537 598 1608 alii
615 1558 711 1637 arque
726 1538 792 1624 ,alii
825 1534 955 1607 valorcs
977 1536 1077 1605 tribui
1102 1534 1233 1607 debent.
1291 1532 1411 1611 Statim
1430 1557 1602 1607 autem-ac
1630 1536 1707 1608 reli·

358 1665 438 1739 quas
460 1643 656 1737 quantitates
673 1662 714 1738 p,
739 1644 787 1733 A,
814 1658 879 1709 tet
903 1664 995 1735 rper
1016 1634 1251 1709 determinatas
1278 1635 1448 1707 mensuras
1480 1644 1707 1733 exprimimus,
1778 1668 1782 1673 ·

358 1739 468 1811 littera
485 1736 782 1820 Adetermiuatum
801 1735 949 1807 valorem
967 1733 1167 1833 adipiscitur,
1179 1744 1235 1837 qui
1247 1744 1289 1809 ita
1299 1762 1508 1835 comparatus
1518 1731 1582 1808 else
1600 1734 1709 1823 debet,

357 1862 395 1911 nt
411 1866 474 1940 pro
491 1845 590 1911 uuico
608 1838 682 1912 casu
698 1848 872 1911 veritatem
890 1839 1059 1921 exhibeat,
1086 1860 1158 1909 tum
1180 1846 1271 1910 enim
1293 1862 1458 1939 perpetuo
1485 1836 1628 1911 eundem
1652 1864 1707 1907 va·

359 1942 467 2014 lorem
485 1942 657 2028 retinebit,
683 1946 841 2041 quamdiu
859 1936 982 2010 scilicet
1000 1940 1117 2011 iisdem
1136 1937 1297 2013 mensuris
1314 1961 1460 2017 utemur.
1511 1944 1578 2011 Hie
1594 1960 1707 2010 autem

359 2044 452 2115 valor
469 2070 507 2114 ex
522 2050 727 2141 experientia
744 2051 810 2141 peti
827 2039 939 2125 debet,
967 2046 1164 2113 cum'e'tiam
1191 2038 1365 2116 mensurae
1393 2037 1549 2113 assumtae
1575 2048 1708 2141 experi-

358 2144 466 2217 entiae
489 2151 688 2237 innitantur3
716 2147 794 2215 hinc
820 2169 901 2213 vero
922 2140 1089 2239 discimus,
1115 2155 1237 2243 quanta
1267 2142 1306 2214 sit
1330 2141 1489 2231 altitudo,
1523 2150 1716 2244 perquam

309 2304 314 2309 .
358 2272 477 2345 corpus
493 2273 594 2345 graue
612 2245 690 2318 dato
708 2268 862 2347 tempore
881 2241 1065 2332 delabitur,
1092 2244 1183 2317 unde
1206 2244 1333 2317 litterae
1349 2267 1375 2328 λ
1392 2242 1465 2315 talis
1486 2247 1581 2316 valor
1605 2246 1707 2315 tribui
1770 2319 1778 2334 ‚

1379 2365 1472 2454 aper

357 2428 505 2517 debebit,
533 2449 568 2537 ut
583 2425 731 2501 formula
749 2430 858 2501 uoslra
872 2456 934 2527 pro
951 2426 1123 2499 altitudine
1137 2425 1584 2515 inventasz--AEad
1608 2427 1707 2498 illum
1777 2490 1780 2495 .
1878 2445 1880 2451 '

1396 2498 1449 2548 aA

356 2565 465 2639 casum
482 2566 779 2661 accommodetur,
811 2573 896 2641 hanc
925 2564 1030 2670 ipsam
1052 2565 1272 2656 altitudinem,
1299 2596 1400 2669 quam
1422 2568 1623 2667 experientia
1647 2558 1722 2671 dea,

357 2669 476 2755 clarat,
505 2669 666 2740 exhibeat.

866 2821 891 2890 S
904 2823 930 2891 C
943 2820 1016 2913 Ho
1031 2819 1058 2887 L
1074 2821 1130 2888 10
1145 2820 1191 2893 N.

458 2987 528 3055 190.
555 2964 677 3033 Omnia
698 2989 780 3065 ergo
806 2967 871 3035 huc
894 2964 1054 3052 redeunt,
1083 2985 1119 3036 ut
1141 2991 1205 3065 pro
1229 2964 1384 3037 omnibus
1408 2962 1648 3065 quantitatibus
1668 2966 1706 3034 iu
1805 3004 1812 3013 ·

353 3068 480 3141 nostras
499 3062 660 3135 sorumlas
676 3063 939 3164 ingredientibus
956 3064 1125 3138 mensuras
1150 3090 1255 3139 certas
1276 3067 1492 3154 slabiliamus,
1525 3072 1642 3167 quibus
1664 3069 1703 3137 in

320 3238 327 3249 ,
353 3170 523 3268 passerum
541 3166 727 3238 couslauter
744 3187 895 3253 manau,
925 3166 947 3236 li
962 3165 1099 3267 quidem
1122 3175 1276 3239 omuimn
1293 3188 1447 3239 stratuum
1467 3172 1700 3267 phaenomena

351 3294 413 3369 per
430 3262 599 3340 mensuras
615 3276 764 3366 cognitas
783 3276 971 3366 exprimere
988 3269 1138 3340 velimus.
1190 3273 1273 3341 Sunt
1287 3290 1399 3339 autem
1415 3276 1563 3368 quinque
1576 3294 1702 3369 genera

353 3378 593 3472 quantitatum,
618 3372 734 3466 quibus
752 3379 861 3439 ursinis
878 3388 989 3439 motus
1010 3367 1248 3442 determinatio
1265 3377 1466 3443 continetur.

455 3480 492 3542 1⁰.
518 3472 668 3565 Spatium
685 3468 897 3568 percursu'u'r,
922 3468 1105 3569 quodcum
1125 3471 1165 3541 srt'
1178 3471 1262 3543 linea
1278 3469 1420 3570 ideoque
1438 3474 1602 3570 quantitas
1618 3496 1702 3571 geo·

352 3578 504 3657 metrica,
524 3577 593 3661 ejus
611 3567 763 3642 mensum
778 3572 861 3642 nulli
878 3569 981 3641 dubio
998 3573 1042 3665 eil
1060 3570 1211 3661 subjesla.

456 3683 498 3749 2⁰.
524 3672 696 3767 Tempus,
725 3680 814 3760 cuius
833 3670 985 3743 mensura
1000 3701 1078 3743 eum
1102 3674 1141 3744 fit
1161 3668 1344 3757 notissima,
1372 3665 1473 3744 cardo
1496 3675 1547 3743 rei
1572 3676 1608 3744 in
1631 3670 1698 3743 stoc

354 3776 526 3868 versatur,
551 3794 714 3869 quantum
731 3793 861 3872 tempus
876 3802 939 3873 pro
958 3782 1084 3845 unitate
1101 3768 1264 3845 all'mnere
1278 3772 1430 3846 selanus:

452 3884 496 3961 3⁹,
526 3871 707 3959 Celeritas,
739 3884 829 3968 cujus
860 3882 1010 3974 cognitio
1032 3876 1165 3973 planior
1197 3870 1261 3945 else
1287 3876 1423 3971 nequit,
1456 3898 1557 3973 quarn
1581 3870 1605 3943 sr
1626 3868 1698 3972 spa·

351 3984 434 4051 tiam
451 3972 609 4073 assignare
623 3975 807 4063 valeaums,
833 3975 924 4075 quod
949 4004 987 4048 ea
1015 3976 1166 4049 celeritas
1194 3974 1272 4048 dato
1297 3996 1452 4071 tempore
1480 3972 1698 4050 uniformiter

352 4072 434 4151 esset
450 4068 656 4175 percursura.

454 4189 503 4268 4⁰.
528 4178 586 4248 Vis
604 4174 782 4249 sollicitans
802 4175 842 4248 ad
857 4170 1026 4247 mensuras
1044 4178 1196 4277 cognitas·
1211 4185 1276 4273 erit
1293 4168 1492 4253 revoc-auda.

455 4290 494 4367 ς’.
515 4272 619 4349 Massa
637 4306 821 4379 corporum
835 4298 1010 4350 motorum
1020 4284 1055 4351 in
1071 4277 1234 4353 caleulum
1251 4280 1456 4383 ingreditur,
1485 4287 1576 4374 cujus
1593 4300 1698 4383 quart·
1716 4348 1727 4365 ,
1786 4372 1789 4377 Ι

351 4383 449 4465 titas,
477 4380 652 4476 quomodo
670 4381 833 4455 aellunari
851 4380 985 4466 debeat,
1008 4391 1224 4483 quoqueerit
1238 4380 1459 4457 ssatuenclum.

453 4479 612 4574 Quorum
624 4490 770 4584 quinque
787 4488 1011 4585 quantitatum
1031 4508 1195 4582 generum
1219 4510 1297 4559 cum
1319 4489 1474 4583 primum⁸
1494 4480 1585 4555 nulla
1612 4472 1698 4563 diffi-
