4092 5134
385 420 764 562 „Moruquu
794 404 1111 541 couoiuu
1137 428 1462 581 uoluuntur
1491 380 1574 551 ae
1629 478 1697 572 aa
1730 414 1738 423 ’
1773 450 1775 454 ⁴

337 643 434 711 mm.
450 617 752 720 Mttdetcrtpsertt
765 645 805 695 ⁸¹¹
831 620 1049 717 ulum=7t,
1077 626 1281 721 neceffeell.
1326 637 1494 713 'Ceterum
1512 667 1689 745 compages

338 728 495 822 corporis
505 719 638 795 easdem
651 727 739 795 vires
759 646 946 812 sulinebit,
963 726 1036 799 aeli
1051 749 1163 803 tuotus
1177 734 1403 834 progreffivus
1417 736 1550 821 abell'et.
1587 745 1690 848 Quod

336 822 482 918 denique
499 820 687 897 admotum
702 831 928 935 cujuscunque
966 828 1060 917 uuili
1067 840 1221 931 corporis
1230 842 1360 933 attinet,
1377 845 1402 910 is
1419 841 1687 938 primodefinia·

336 945 389 999 tur
401 925 491 1027 quast
505 945 615 999 motus
631 920 855 1026 progrclltvur
867 852 1017 1014 abella,
1043 944 1115 1003 turn
1138 958 1216 1005 cum
1231 960 1273 1007 eo
1297 947 1520 1042 conjungatur
1535 945 1684 1021 celeritas

334 1026 545 1141 prpgreffiva
560 1023 743 1109 secuudum
763 1047 939 1126 praecepta
960 1026 1176 1106 resolutionis
1197 1054 1320 1111 motus·
1342 1037 1439 1142 supra
1460 1043 1579 1119 tradita
1593 1048 1685 1136 ,'fic.

338 1130 714 1230 quelr'abcbiturperut
734 1135 803 1223 ejm
818 1128 1075 1227 paulli-motus.
1120 1140 1132 1157 '
1314 1120 1341 1141 '⁶
1443 1135 1450 1147 ‘

658 1316 661 1323 '
759 1294 1176 1374 PROBLEMA.
1228 1326 1272 1394 53.
1334 1312 1340 1333 ⁵

442 1423 520 1496 602.
548 1420 584 1489 Si
602 1440 723 1518 corpur
735 1412 884 1517 rigidum
904 1434 1002 1493 motu
1020 1414 1148 1492 serautr
1164 1425 1272 1494 mixto
1289 1447 1329 1493 cx
1344 1424 1553 1525 progrelltvo
1569 1447 1602 1501 et
1621 1455 1680 1530 gy-

334 1524 489 1605 ratorio,
526 1513 668 1592 definire
697 1543 750 1591 eae
773 1523 895 1625 vireux,
937 1544 1080 1620 quarum
1103 1522 1236 1621 aeliane
1261 1530 1328 1597 axis
1347 1535 1535 1626 ¹gyrationis
1556 1524 1597 1601 tle
1618 1531 1714 1607 suit.
1828 1550 1831 1555 ·

330 1616 395 1711 luo
418 1618 477 1691 fibi
506 1618 665 1719 parallelo
688 1646 760 1692 non
789 1616 1012 1709 deflectatur,
1046 1638 1226 1726 motusque
1245 1620 1324 1709 ideo
1340 1650 1481 1727 'mancat'
1503 1633 1623 1702 tuimur
1638 1657 1680 1703 ex

329 1715 543 1828 progressive
558 1739 599 1823 ,et
621 1727 807 1824 gyratorio.

852 1871 1029 1949 ..totu
1043 1876 1152 1967 ΠΟ,
1235 1956 1238 1960 ,

348 2086 355 2093 .
431 2029 546 2101 Primo
568 2018 780 2125 perspicuum
803 2022 861 2113 est,
876 2049 994 2100 omnes
1018 2030 1125 2123 vires,
1141 2049 1283 2126 quarunt
1299 2020 1504 2127 diretflioucc¹
1518 2053 1581 2127 per
1597 2055 1675 2101 cen·
1701 2040 1775 2144 th,
1789 2037 1846 2139 '75
1911 2013 1915 2020 ’

334 2142 424 2199 trum
440 2135 578 2217 inertiae
592 2128 745 2227 corporis
761 2123 957 2215 transeunt,
980 2126 1068 2200 nihil
1081 2132 1117 2199 iu
1132 2145 1228 2200 motu
1244 2135 1420 2228 gyratorio
1435 2127 1593 2216 efficere,
1621 2126 1678 2202 l'ed
1774 2150 1779 2163 '

332 2247 464 2321 tantum
481 2228 521 2304 ad
538 2248 668 2303 motum
711 2225 934 2329 rogrelltvtun
953 2226 1132 2329 impendi,
1158 2235 1204 2301 ita
1229 2248 1266 2301 ut
1283 2229 1323 2301 ab
1343 2235 1383 2302 iis
1409 2236 1477 2303 axis
1492 2236 1678 2330 gyratiouie

332 2328 535 2431 nondclfitu
551 2326 645 2405 suod
691 2330 826 2403 ellatur.
876 2327 981 2409 Tales
997 2356 1081 2431 ergo
1097 2337 1184 2403 vires
1200 2327 1240 2401 ad
1256 2327 1292 2401 id
1308 2356 1413 2431 genus
1430 2338 1577 2419 virium,
1600 2359 1679 2432 quas

360 2437 524 2525 querimur
539 2438 728 2532 pertineam
755 2449 828 2503 tum
843 2454 929 2521 vero
944 2427 1181 2525 etiameosunt
1194 2427 1476 2505 referendaeillae
1487 2439 1585 2531 vires,
1600 2459 1684 2535 quae

333 2458 443 2627 lotum
459 2555 593 2609 mouun
606 2539 817 2634 gyratorium
838 2530 1012 2631 officiunt,
1036 2559 1115 2636 quas
1140 2539 1186 2605 ita
1210 2528 1355 2609 vidimus
1374 2528 1440 2607 elle
1465 2554 1682 2634 comparatas,

334 2652 372 2706 ut
389 2634 414 2708 st
432 2641 488 2709 AB
505 2636 544 2709 lit
558 2641 622 2709 axis
639 2641 852 2735 gyrationis,
873 2633 914 2719 ad
932 2660 1077 2731 eumque
1099 2640 1135 2706 in
1158 2640 1278 2735 quouis
1301 2636 1427 2730 puntlo
1451 2634 1482 2710 L
1506 2636 1683 2707 constitua-

333 2756 389 2807 tur
404 2736 541 2835 planum
556 2734 709 2807 normale
724 2787 735 2829 ,
761 2733 857 2804 binae
874 2740 962 2821 vires
977 2731 1128 2832 aequales
1144 2751 1176 2805 et
1192 2739 1380 2805 contrariae
1394 2736 1451 2807 Nn
1466 2751 1498 2805 et
1512 2738 1554 2804 Ll
1565 2741 1600 2806 in
1616 2737 1682 2808 hoc

323 2837 435 2935 ‚plano
459 2836 639 2933 applicatae
654 2836 754 2929 bhunc
771 2826 929 2923 effellutu
951 2832 1145 2934 praelleutt
1169 2852 1268 2933 atque
1288 2836 1410 2907 harum
1432 2839 1556 2907 virium
1580 2834 1683 2908 altera
1789 2906 1793 2913 .

332 2941 377 3009 LI
390 2934 449 3037 ipst
464 2943 514 3008 axi
530 2934 691 3036 applicata
698 2922 834 3033 coltcipi
846 2933 966 3034 potcll.
1029 2939 1159 3008 Verum
1180 2931 1375 3028 hujusmodi
1390 2938 1473 3008 binis
1490 2936 1613 3009 virilius
1628 2963 1680 3009 ac·

322 3034 506 3139 ¹quivalcut
518 3040 612 3111 binae
627 3035 749 3110 ssmiles
766 3041 865 3133 viret,
881 3034 1048 3135 inploro,
1070 3032 1232 3138 quodfaxi
1248 3034 1448 3129 normaliter
1462 3043 1499 3109 in
1515 3033 1587 3136 ipso
1604 3065 1681 3112 cen·

331 3158 389 3213 tto
403 3145 543 3213 inertiae
561 3144 576 3210 1
595 3138 829 3225 constituitur,
853 3136 1043 3238 applicatae,
1070 3163 1154 3237 quae
1169 3134 1233 3211 smt
1248 3138 1307 3226 Kl(
1320 3158 1352 3210 et
1369 3142 1419 3227 lr',
1448 3136 1513 3210 illis
1530 3140 1680 3241 aequales

332 3245 368 3314 'et
384 3240 570 3340 parallelae,
590 3236 701 3312 sumto
718 3237 899 3311 intervallo
914 3240 963 3315 lK
976 3270 1014 3308 =
1029 3240 1093 3311 LN
1104 3270 1116 3331 3
1144 3242 1266 3312 harum
1286 3246 1377 3311 enim
1400 3247 1586 3312 contrariae
1603 3268 1681 3313 cum

332 3340 398 3415 illis
413 3350 451 3415 in
467 3341 664 3445 aequilibrio
683 3339 910 3439 coufillercnt,
972 3342 1093 3442 Sicque
1113 3338 1193 3412 loco
1222 3339 1590 3439 binarutn'quarumvis
1608 3341 1680 3412 tali-

332 3470 393 3515 um
417 3451 542 3518 uirium
565 3446 622 3516 Nn
638 3443 678 3514 'et
697 3444 740 3514 Lt
755 3437 885 3542 semper
906 3434 1447 3535 subssirtrer221tcetbtnassimiles
1471 3458 1504 3511 et
1528 3440 1679 3541 aequales

331 3551 368 3616 in
382 3543 482 3643 plano
499 3550 563 3644 'per
576 3549 738 3617 'centrum
760 3548 900 3615 inertiae
923 3545 940 3612 l
964 3537 1005 3612 ad
1030 3568 1127 3616 axem
1149 3540 1347 3617 normaliter
1370 3538 1471 3613 dudo
1492 3540 1679 3640 applicatae.

333 3650 445 3743 Quare
462 3646 486 3718 li
500 3646 590 3718 binas
606 3640 798 3738 hujusmodi
810 3648 898 3739 uires
912 3650 1125 3744 quascunque
1141 3647 1192 3717 tta
1209 3662 1242 3716 et
1258 3646 1289 3714 la·
1301 3667 1379 3714 cum
1404 3640 1529 3713 viribus
1545 3645 1679 3743 quibua·

332 3775 464 3850 cunque
481 3745 540 3847 ipsa
556 3762 675 3820 centro
690 3748 827 3818 inertiae
841 3743 1010 3844 applicatis
1026 3753 1267 3847 conjungamus
1285 3799 1295 3829 ,
1324 3742 1517 3815 habebimur
1538 3771 1679 3845 genera·

332 3855 398 3924 tim
415 3848 449 3922 id
467 3873 572 3951 genus
591 3852 715 3919 virium
733 3902 743 3935 ,
769 3846 888 3946 quibus
907 3864 1018 3917 tuottu
1031 3847 1158 3919 'mixtur
1174 3855 1226 3941 ita
1244 3862 1391 3917 mutatur
1409 3900 1421 3930 ,
1445 3864 1482 3916 ut
1496 3855 1563 3917 axis
1581 3872 1680 3947 gyra·

331 3957 435 4024 tionis
452 3950 510 4023 fibi
527 3967 659 4023 maneat
673 3945 859 4047 parallelus.
910 3951 1003 4018 Inter
1027 3951 1115 4020 vires
1130 3954 1234 4049 igitur
1249 3962 1366 4018 centro
1388 3952 1526 4019 inertiae
1541 3951 1556 4018 l
1573 3948 1680 4047 appli-

315 4070 421 4124 catas
436 4053 613 4123 statuamus
628 4072 730 4122 unam
745 4052 780 4134 lq
795 4045 854 4149 ipsi
871 4049 908 4143 ila·
930 4047 1102 4146 aequalem
1121 4070 1154 4121 et
1174 4052 1405 4144 contrariam,
1428 4072 1493 4147 qua
1513 4050 1597 4121 haec
1621 4047 1680 4119 dea

333 4136 502 4238 limatur,
526 4178 564 4223 ac
584 4159 649 4245 jam
671 4156 759 4222 vires
773 4146 936 4250 quaefitae
960 4154 1006 4217 itn
1022 4145 1164 4221 describi
1192 4141 1348 4248 polluat?
1373 4165 1409 4219 ut
1436 4167 1566 4246 practer
1591 4155 1679 4219 vites

334 4271 456 4327 centro
477 4256 615 4324 inertiae
636 4254 661 4347 ΙΙ
675 4251 849 4351 applicatas
873 4246 1139 4347 compleclantur
1160 4256 1251 4324 uires
1272 4274 1510 4350 quascunque,
1538 4272 1681 4347 quarum

335 4354 539 4429 direlfliones
552 4351 617 4426 sant
632 4358 667 4423 in
681 4351 783 4452 plano
800 4377 859 4450 per
873 4371 1028 4423 centrum
1041 4357 1178 4426 inertiae
1195 4357 1210 4423 1
1232 4348 1272 4422 ad
1290 4376 1385 4423 axem
1405 4345 1603 4420 normaliter
1620 4344 1688 4418 du:

337 4458 395 4532 uo
408 4513 420 4557 ,
451 4475 484 4528 et
499 4471 720 4556 quotcunque
745 4452 936 4550 hujusmodi
959 4458 1047 4525 vires
1066 4460 1202 4559 corpori
1232 4450 1353 4506 ‘'ff''
1596 4472 1682 4525 ³¹1⁰·
1728 4524 1734 4535 ,

976 4555 1040 4653 og
1153 4628 1157 4635 ,
1630 4566 1684 4623 tur
