4092 5134
467 376 848 549 suoduusstuo
882 406 1194 505 corsorum
1220 400 1554 519 momorum.
1611 444 1685 531 109
1793 472 1795 477 .

331 625 400 674 eor
423 602 490 673 orie
505 625 684 701 compages
707 594 950 675 dissolveretur.
1010 604 1090 673 Hoc
1110 627 1195 703 ergo
1216 599 1291 678 casu
1316 634 1420 681 nexus
1446 606 1682 709 particularum
1790 656 1803 663 -

331 702 380 776 ob
409 721 508 789 eret,
532 728 604 803 quo
616 708 726 773 miuus
745 700 871 803 singula
887 702 1052 775 clementa
1067 724 1201 777 motum
1221 705 1402 807 inpressum
1425 705 1584 810 prosequi
1605 706 1681 809 pos·

331 798 419 881 l'ent.
470 800 581 901 Quod
595 831 672 876 cum
688 830 759 876 nou
771 811 926 891 eveniat,
949 802 1121 905 stfiugulis
1138 804 1312 882 clementie
1331 831 1442 885 usurus
1464 837 1500 882 ae
1528 809 1615 883 uoles
1631 805 1681 883 se·

332 900 486 979 cundum
499 906 703 979 directiones
723 905 892 1005 parallelas
905 902 1040 1001 {fuerint
1061 906 1231 1005 impressi,
1262 938 1344 1011 quoe
1364 914 1409 985 est
1433 839 1584 985 conditio
1605 940 1681 986 mo·

331 1026 385 1081 tus
402 1006 624 1108 progresllui,
647 1006 737 1081 nullu
756 1014 857 1080 etium
873 1002 967 1079 causa
992 1003 1098 1094 adest,
1115 1035 1174 1081 cur
1196 1016 1390 1111 cujusquam
1407 1014 1563 1087 elementi
1582 1014 1680 1087 slatus

331 1128 530 1184 mutaretur.
580 1113 672 1211 Quin
689 1116 786 1181 etiarn
806 1108 936 1180 nullum
961 1106 1166 1181 elementum
1193 1116 1227 1181 in
1252 1133 1346 1185 motu
1369 1111 1429 1189 suo
1456 1120 1681 1195 mutationem

331 1217 399 1311 pati
424 1204 559 1311 posset,
591 1219 674 1311 quiu
695 1209 791 1282 srsuul
813 1208 911 1283 slatus
927 1209 1136 1311 reliquortun
1182 1214 1417 1291 cretsrbaretur.
1465 1220 1516 1289 Ex
1534 1244 1604 1317 quo
1618 1242 1678 1289 ue·

330 1306 420 1385 cesse
438 1311 513 1400 cll,
537 1328 572 1381 ut
586 1336 709 1413 eorpus
727 1369 737 1400 ‚
762 1308 855 1414 quod
871 1307 972 1385 semel
986 1239 1181 1407 ltujttsmodl
1204 1334 1336 1389 motum
1356 1314 1601 1419 progressrvum
1628 1343 1680 1388 ac·

333 1419 487 1514 ceperit,
520 1412 649 1485 eodem‘
665 1431 762 1486 motu
782 1435 948 1515 perpetuo
972 1410 1189 1487 uniformiter
1212 1417 1429 1492 indirectum
1445 1416 1606 1521 progredi
1624 1415 1681 1491 de·

333 1516 418 1587 lueet.
470 1513 541 1587 Ubi
563 1520 728 1611 imprimis
747 1512 935 1589 notandum
958 1515 1029 1603 cll,
1056 1520 1091 1588 iu
1114 1516 1171 1589 tali
1193 1537 1287 1589 motu
1310 1546 1509 1621 compagem
1535 1526 1680 1619 partium

332 1614 461 1689 nullam
478 1621 548 1687 vim
565 1610 748 1705 sstslinete,
774 1623 818 1707 ita
834 1636 870 1691 ut
883 1616 1010 1691 etiamst
1027 1617 1114 1691 inter
1129 1614 1160 1691 se
1178 1627 1273 1692 omni
1297 1648 1398 1693 nexu-
1409 1620 1679 1716 dcslituercntur,

333 1738 447 1791 tamen
465 1714 598 1792 easdem
613 1738 777 1819 perpetuo
792 1717 957 1793 dislantias
971 1724 1060 1791 iuter
1073 1715 1106 1791 se
1122 1714 1226 1791 essem
1244 1716 1508 1794 conservaturae.
1568 1723 1681 1820 Qare

334 1846 412 1895 eum
428 1818 520 1893 nulla
540 1822 621 1893 hinc
663 1829 671 1892 i
697 1838 796 1893 natur
820 1826 869 1893 vis
883 1818 1028 1921 figuram
1046 1824 1199 1920 corporis
1219 1841 1350 1894 mutare
1371 1820 1537 1909 tendens,
1563 1827 1617 1893 cui
1634 1824 1680 1892 ri·

334 1922 454 2025 giditas
471 1920 619 1996 relidere
634 1848 779 2010 deseos,
805 1928 920 1997 omnia
946 1946 1093 2021 corporo
1114 1920 1363 2023 respectutslis
1385 1944 1497 1998 motus
1523 1941 1680 2023 tanquam

335 2020 442 2127 rigide
459 2017 599 2126 spectati
620 2019 763 2125 possunt.

795 2194 1230 2289 russanua.2.

437 2386 504 2457 ης.
532 2368 569 2438 Si
591 2371 744 2466 corporis
758 2364 868 2435 'motu
891 2356 1102 2461 progressiuo
1130 2354 1187 2427 loti
1213 2352 1339 2455 singula
1360 2349 1530 2425 elementa
1546 2349 1686 2435 viribus}

338 2486 421 2565 quoe
438 2464 544 2540 massis
563 2492 683 2541 eorum
699 2466 762 2540 sint
773 2459 1070 2569 proportionales,
1101 2452 1283 2529 secundum
1311 2454 1512 2527 directiones
1537 2458 1626 2525 inter
1650 2445 1683 2520 se

338 2565 508 2664 parallelas
525 2564 743 2642 sollicitentur
761 2626 771 2651 ,
795 2590 916 2640 eotutn
932 2560 1010 2636 fieus
1026 2560 1182 2633 relativus
1199 2585 1268 2630 non
1283 2559 1466 2629 mutabitur
1480 2610 1491 2643 ,
1514 2573 1547 2627 et
1557 2550 1681 2652 lingula

339 2666 504 2741 elementa
520 2689 652 2740 motum
668 2694 820 2767 quaeque
841 2662 938 2733 serum
959 2664 1063 2732 libere
1081 2660 1336 2732 continuabunt.

676 2818 1338 2913 numousnursru

439 2990 527 3087 Qsia
548 2989 636 3057 vires
657 2977 783 3083 lingula
805 2977 970 3052 elementa
992 2972 1205 3048 sollicitantes
1237 2968 1387 3072 ipsorum
1413 2964 1518 3045 maffit
1541 2968 1689 3044 naritus:

338 3112 392 3169 tur
408 3083 703 3191 proportionales,
735 3076 872 3153 effeetus
895 3076 1018 3152 eodem
1041 3072 1249 3175 tempusculo
1272 3070 1429 3175 produsli
1448 3092 1547 3147 eruut
1570 3096 1687 3173 aequa-

338 3196 420 3281 les,
465 3211 499 3261 et
526 3194 601 3289 quia
632 3182 833 3257 directiones
857 3186 980 3251 virium
1005 3176 1079 3250 sunt
1109 3184 1197 3263 inter
1220 3172 1253 3247 se
1277 3174 1477 3274 parallelae,
1514 3176 1553 3245 ab
1580 3176 1684 3245 adio-

338 3325 380 3373 ne
413 3299 542 3367 virium
567 3286 646 3362 litus
678 3276 823 3385 partium
856 3282 1012 3354 relativus
1040 3305 1109 3351 uon
1146 3276 1359 3364 tristabitur,
1403 3297 1436 3347 et
1464 3274 1589 3375 singula
1616 3274 1683 3346 ele-

338 3414 449 3473 menta
477 3388 615 3492 perinde
650 3387 879 3461 movebuntur
913 3378 976 3453 suis
1008 3406 1158 3483 quaeque
1191 3378 1316 3448 viribus
1344 3370 1559 3475 obsequentia
1588 3431 1597 3461 ‚
1646 3398 1684 3443 sc

339 3504 364 3575 li
401 3524 420 3569 a
454 3492 489 3567 se
525 3498 672 3565 invicem
706 3482 811 3561 effent
850 3478 1013 3555 dissoluta.
1084 3485 1206 3553 Omnia
1239 3473 1366 3551 scilicet
1402 3475 1567 3549 elementa
1600 3498 1685 3573 quo·

339 3607 387 3675 ais
401 3616 579 3671 momento
593 3590 774 3693 aequaliter
796 3586 1051 3681 usouebuntur,
1072 3588 1132 3655 'itu
1155 3601 1192 3653 ut
1206 3598 1317 3652 motus
1338 3582 1439 3649 totius
1462 3603 1520 3649 cor
1546 3582 1614 3649 oris
1633 3602 1686 3647 ue·

341 3702 442 3805 qualis
458 3697 495 3770 lit
513 3694 643 3770 futurus
658 3698 792 3789 motui,
817 3716 887 3791 quo
906 3685 1065 3789 quodque
1081 3693 1149 3779 ejus
1169 3682 1371 3783 elementum
1390 3735 1400 3771 ,
1424 3678 1447 3751 sr
1474 3707 1492 3753 e
1521 3702 1554 3753 et
1575 3674 1685 3751 solita·

340 3810 438 3890 risen,
454 3816 648 3873 moveretur
663 3825 675 3888 3
704 3790 850 3895 ideoque
869 3810 983 3863 motus
1000 3794 1153 3887 corporis
1173 3792 1236 3857 erit
1251 3778 1484 3883 progressurus.

853 3974 1106 4071 CORolb
1159 3991 1184 4039 u

436 4127 508 4215 ²7⁶·
535 4116 770 4219 Neque'ero
801 4116 870 4187 hoc
900 4110 1011 4200 casu,
1048 4106 1174 4185 etiamst
1207 4110 1293 4180 vires
1326 4104 1430 4179 adfint
1461 4100 1687 4194 sollicitantes·

340 4246 519 4323 compages
532 4226 675 4321 partium
693 4142 795 4291 ulsam
812 4224 882 4287 vim
900 4210 1046 4289 susliuet.
1121 4212 1173 4280 Ex
1197 4236 1265 4311 quo
1291 4206 1315 4281 ss
1341 4214 1441 4281 etiam
1470 4238 1591 4309 corpus
1607 4204 1686 4282 essee

339 4326 510 4409 lluidum,
533 4330 667 4497 ejttspue
690 4340 798 4421 partes
814 4317 908 4391 nullo
931 4343 1017 4390 nexu
1033 4318 1176 4385 inuicem
1198 4316 1441 4399 cohaererent,
1468 4332 1578 4385 tatuteu
1598 4306 1684 4407 figu-

339 4458 414 4511 ram
431 4422 523 4501 suam
537 4450 605 4498 cou
620 4442 751 4497 erueret
767 4480 778 4513 ‚
809 4441 843 4495 et
855 4446 920 4522 pro
934 4414 1049 4591 rigglo
1068 4417 1181 4489 haberi
1197 4422 1331 4518 poterit.
1609 4508 1668 4583 co

1043 4542 1060 4606 3
1670 4549 1682 4566 ι
