4092 5134
250 378 366 551 [4
564 396 599 463 ·'
816 372 1157 515 ‘eunucu
1267 384 1306 439 ·“

332 613 417 708 llio,
437 610 497 689 nili
513 626 589 687 ante
606 616 671 702 iam
685 606 851 710 adequare
866 625 979 681 motus
995 602 1071 689 idea
1082 604 1187 679 luerit
1200 601 1354 692 stabilita,
1383 599 1499 679 dirimi
1524 600 1617 707 poss‘e
1640 612 1692 681 vi·

120 730 127 753 ‘
205 728 228 771 1'
274 754 276 761 ·
308 710 453 795 ,demrj
498 719 712 813 Aprincipio
726 730 817 786 certe
835 707 1031 803 hujusmodi
1054 708 1195 783 lubricas
1212 708 1444 781 abllradliones
1467 706 1691 809 repudiantes,

331 842 406 903 ¹rem
426 823 539 913 prouti
564 822 599 887 in
623 810 734 887 sensus
761 808 953 884 immediate
977 816 1143 908 incurrit,
1165 805 1375 909 perpendere
1402 808 1582 901 debemus,
1630 836 1693 882 uos
1742 870 1744 875 .

333 913 541 990 consulentes
558 913 601 987 de
618 915 697 987 loco
713 920 895 1014 cujuspitm
912 918 1068 1011 corporis
1084 912 1181 985 aliter
1194 910 1338 1005 judicare
1360 911 1545 1001 nonlicet,
1574 837 1635 985 nil
1658 909 1694 983 id
1728 1002 1731 1007 ι

333 1016 452 1091 adalia
472 1041 616 1115 corpora
633 1020 902 1111 circumjacentia
916 1009 1118 1102 referendo,
1143 1039 1292 1113 quorum
1309 1009 1483 1113 respedlu,
1508 1042 1607 1115 quam
1636 1012 1695 1085 diu

266 1190 268 1197 .
333 1117 368 1192 id
387 1115 531 1191 eundern
546 1116 641 1190 litum
658 1114 855 1204 servaverit,
880 1112 915 1189 id
939 1121 974 1187 in
991 1112 1115 1188 eodem
1131 1114 1211 1186 loco
1224 1112 1452 1214 perleverare,
1470 1113 1519 1189 fin
1532 1135 1645 1201 auteur
1661 1122 1697 1187 in

334 1220 439 1293 aliurn
453 1216 551 1292 suurn
568 1225 780 1322 peruenerit,
812 1216 928 1293 locum
945 1210 1084 1289 mutass'e
1100 1222 1328 1317 pronunciare
1347 1212 1504 1295 solemus.

821 1369 1154 1443 iunicum.
1186 1392 1217 1440 2.
1306 1360 1309 1365 ¹

437 1545 465 1611 3.
491 1520 579 1590 Cum
600 1535 713 1590 autern
738 1516 834 1590 litum
854 1523 1007 1617 corporis
1035 1515 1190 1617 respedlu
1220 1524 1364 1593 aliorum
1388 1514 1698 1612 circumjacentium

337 1620 563 1707 aestimamus,
585 1617 666 1691 dum
683 1624 754 1692 haec
772 1626 858 1690 inter
873 1615 906 1690 sc
925 1617 1071 1695 eundem
1085 1620 1184 1693 situm
1203 1618 1348 1709 seruent,
1373 1619 1530 1714 judicium
1548 1621 1699 1693 nollrum

338 1742 457 1823 utpote
472 1723 688 1823 geometricis
711 1718 802 1822 quali
825 1716 907 1792 ideis
933 1724 1087 1793 innixum
1109 1720 1209 1797 fallax
1222 1718 1295 1807 ¹ell'e
1311 1729 1437 1822 nequit.
1487 1724 1699 1831 Detprmina·

338 1830 509 1899 turenim
541 1821 620 1894 litus
645 1849 706 1920 per
730 1819 896 1895 distantias
918 1822 957 1893 ab
979 1821 1111 1922 aliquot
1133 1826 1265 1925 puntlis
1282 1822 1436 1911 diverlis,
1468 1852 1577 1927 neque
1594 1848 1708 1896 unum-

339 1923 514 2001 ueletiam
537 1919 606 1995 duo
629 1922 750 2021 pundla
775 1917 815 1992 ad
839 1925 907 1995 hoc
927 1918 1103 1998 sufficiunt.
1155 1930 1244 1998 Nam
1269 1926 1293 1999 sr
1314 1924 1421 1999 dicam
1448 1928 1609 2025 pundlurn
1631 1928 1701 1996 Oa

339 2027 467 2128 pundlo
484 2030 513 2098 A
528 2023 708 2097 intervallo
725 2022 949 2111 :adillare‚
980 2023 1060 2097 situs
1083 2028 1199 2128 pundli
1221 2030 1253 2099 Ο
1277 2034 1417 2100 minime
1446 2026 1700 2101 determinatur.

341 2127 408 2202 Sed
431 2122 584 2200 universa
606 2121 795 2228 superficies
813 2122 981 2224 sphaerica
997 2132 1087 2199 circ'a
1108 2148 1264 2201 centrum
1282 2120 1312 2203 A
1328 2126 1425 2211 radio
1446 2162 1485 2200 ε
1500 2157 1520 2201 a
1536 2126 1641 2209 descri
1668 2146 1702 2198 ta

341 2230 562 2331 relinquitur,
601 2233 636 2300 in
662 2233 754 2322 cujus
778 2224 913 2329 lingulis
934 2230 1067 2328 pundlis
1100 2232 1262 2330 pundlurn
1286 2234 1318 2303 Ο
1340 2257 1432 2332 aeque
1457 2226 1558 2304 inelle
1581 2155 1703 2332 pollet,

341 2358 489 2433 quorum
504 2326 635 2403 nullum
648 2354 716 2428 prae
734 2324 867 2430 reliquis
881 2332 950 2402 hoc
965 2328 1074 2404 modo
1095 2333 1156 2432 ipfi
1169 2356 1234 2431 pro
1256 2332 1356 2431 loco,
1378 2333 1433 2403 ubi
1457 2333 1589 2423 exiliat,
1611 2328 1700 2403 ,ailr-

231 2500 237 2519 ,
270 2510 274 2521 ,
347 2452 481 2534 giratur.
539 2435 598 2503 Sin
614 2451 725 2501 autem
745 2427 866 2517 dicatu,
889 2432 1050 2530 pundlum
1073 2435 1280 2534 Oapundlo
1296 2437 1330 2510 A
1347 2432 1634 2521 interualloza,
1661 2432 1702 2505 ab

236 2524 239 2531 ¹
280 2580 285 2589 ·
347 2534 411 2610 alia
426 2529 551 2635 pundio
570 2534 595 2602 Β
611 2558 694 2604 uero
709 2530 888 2603 intervallo
904 2531 973 2602 :b
989 2529 1128 2625 distare3
1162 2541 1372 2634 concipiatur
1390 2533 1579 2632 luperlicies
1596 2531 1700 2635 sphae-

348 2642 419 2709 rica
435 2641 524 2709 circa
541 2638 571 2706 A
590 2631 685 2704 radio
699 2662 740 2703 ε..-
754 2660 792 2721 a,
819 2631 981 2731 simulque
1001 2632 1063 2704 alia
1085 2640 1215 2708 circa'B
1232 2636 1328 2709 radio
1340 2670 1380 2707 =
1395 2634 1414 2707 b
1432 2631 1615 2734 descripta3
1666 2654 1701 2708 et

348 2741 428 2839 quia
443 2731 633 2809 intersedio
647 2737 769 2807 harum
782 2731 1035 2834 superficierum
1048 2736 1096 2808 eil
1113 2736 1277 2827 circulus,
1310 2741 1409 2832 hujus
1426 2736 1556 2837 lingula
1579 2738 1708 2835 pundia·

347 2844 392 2910 ita
416 2856 515 2910 erunt
539 2856 752 2934 comparata,
775 2856 813 2908 ut
832 2835 989 2934 apundio
1015 2839 1242 2913 Aintervallo
1266 2874 1306 2911 ε
1320 2868 1359 2925 a,
1387 2838 1546 2938 apundio
1569 2842 1594 2909 B
1617 2865 1704 2911 vero

350 2937 529 3012 intervallo
543 2969 582 3007 =
598 2936 617 3007 l
630 2934 761 3008 distent.
812 2939 953 3007 Certum
967 2960 1052 3034 ergo
1067 2946 1144 3026 erit,
1157 2940 1320 3037 pundlum
1337 2942 1418 3010 oin
1434 2943 1623 3039 peripheria
1639 2942 1704 3012 hu·

351 3046 401 3135 jus
417 3036 532 3111 circuli
546 3035 703 3123 exiliere,
729 3054 762 3106 et
780 3036 837 3105 ubi
851 3060 968 3106 reuera
985 3036 1118 3126 exiliat,
1145 3037 1403 3111 nondefinitur.
1455 3045 1620 3115 Ponarnus
1641 3048 1705 3145 igi-

351 3162 420 3224 tur,
438 3138 511 3211 dari
527 3133 661 3235 insuper
681 3134 795 3235 pundli
818 3133 1049 3208 Odillantiam
1071 3165 1090 3209 a
1107 3147 1211 3213 tertio
1232 3137 1380 3242 quodam
1402 3142 1529 3237 pundo
1546 3146 1597 3230 C,
1630 3172 1706 3244 quae

351 3243 393 3317 fit
408 3276 447 3315 ε
459 3269 492 3329 c,
524 3267 633 3341 neque
650 3242 717 3311 hoe
735 3244 872 3314 tertium
891 3255 1054 3336 punctum
1070 3244 1101 3311 C
1115 3268 1192 3313 cunr
1208 3238 1337 3313 duobus
1355 3236 1583 3340 superioribus
1602 3251 1638 3315 in
1655 3244 1707 3319 di·

257 3424 267 3451 s
352 3344 483 3418 redium
499 3351 621 3438 jaceat,
644 3361 680 3414 et
695 3368 773 3413 cum
788 3335 960 3440 sperlicies
978 3336 1134 3439 sphaerica
1148 3350 1237 3419 circa
1257 3346 1289 3415 C
1312 3341 1408 3415 radio
1428 3378 1468 3415 =
1493 3372 1510 3417 c
1543 3342 1709 3446 descripta

352 3444 563 3544 superiorem
585 3443 750 3517 circulum
770 3439 900 3515 duobus
925 3437 1034 3515 adhuc
1053 3432 1183 3543 pundiis
1205 3443 1312 3533 secet,
1344 3451 1442 3517 etiam
1464 3473 1555 3520 nunc
1579 3446 1709 3525 dubita.

353 3573 449 3633 mus,
477 3553 513 3618 in
529 3564 608 3616 utro
624 3571 745 3618 eorum
760 3545 921 3643 pundlum
939 3545 1118 3641 Oexillat;
1142 3567 1364 3620 veruntamen
1386 3552 1474 3618 inter
1491 3544 1561 3622 duo
1577 3569 1711 3625 tantum

353 3647 476 3748 punda
493 3651 651 3745 ancipites
667 3649 842 3725 haeremus.
891 3647 983 3716 Hinc
1003 3646 1257 3735 concludimus,
1279 3647 1304 3720 ii
1321 3650 1435 3746 pundli
1458 3653 1490 3721 Ο
1507 3648 1674 3727 distantias
1691 3682 1711 3727 a

356 3754 527 3853 quaternis
549 3751 680 3847 pundlis
703 3753 752 3835 A,
777 3752 820 3837 B,
845 3747 894 3832 C,
921 3749 973 3834 D,
997 3777 1070 3822 non
1091 3757 1127 3821 in
1147 3749 1269 3824 eodem
1289 3749 1391 3850 plano
1414 3749 1481 3822 litis
1501 3760 1713 3853 noverimus,

358 3859 429 3945 ejus
457 3847 553 3922 litum
583 3850 681 3951 plane
714 3849 952 3938 determinari3
991 3852 1192 3953 plerumque
1215 3879 1300 3926 vero
1327 3858 1427 3925 etiam
1446 3860 1508 3925 tria
1530 3850 1711 3947 sufficiunt,

357 3948 494 4131 diffido
512 3947 636 4035 scilicet
652 3951 785 4028 aliunde
800 3952 941 4027 alterum
956 3946 1105 4028 duorum
1121 3956 1260 4030 illorum
1274 3955 1499 4057 pundloruur,
1527 3983 1600 4059 quaa
1615 3985 1713 4064 arque

395 4048 585 4148 tisfaciunt,
610 4054 807 4132 excluditur.
1695 4092 1702 4131 t

897 4211 1176 4287 Sciromou.

457 4385 490 4453 ψ
515 4361 604 4436 Cum
626 4358 697 4457 haec
721 4356 799 4432 litus
827 4366 986 4465 cujusque
1015 4363 1132 4462 puncti
1159 4356 1396 4435 determinatio
1420 4358 1461 4464 lit
1489 4366 1712 4463 geometrica,

357 4458 443 4541 nulli
466 4458 740 4567 prorsusdubio¹
757 4463 803 4539 ell
825 4460 990 4565 subiecta:
1013 4461 1163 4569 uudeab
1184 4488 1223 4538 ea
1238 4462 1520 4541 confideretioner
1538 4461 1580 4541 de
1595 4473 1713 4571 quiete

1676 4584 1720 4645 Οἱ
