4092 5134
421 452 429 461 .
520 330 943 484 osctuunronro
968 386 1283 485 nortorum
1297 342 1583 501 tinnulum.
1659 432 1720 499 ιιι
1741 514 1751 521 ,,

618 628 627 635 -
770 588 1195 663 nrrrurrrn
1251 611 1301 665 m
1755 584 1759 591 ’

462 760 530 828 542.
556 741 723 813 Centrum
741 728 957 808 oscillationis
974 739 1009 805 in
1026 731 1174 832 pendulo
1189 739 1377 840 composito
1399 740 1447 814 cll
1461 740 1621 837 pundlum
1640 797 1652 827 ,
1679 749 1714 829 in

359 861 431 936 quo
448 834 471 910 fi
488 853 559 925 totu¹
576 845 729 941 corporis
746 832 844 909 rrrnl'sa
861 830 942 909 ellet
959 833 1126 935 colleda,
1155 835 1245 909 idern
1261 862 1378 923 motus,
1389 838 1611 917 oscillatorius
1631 838 1712 919 ellet

357 934 565 1039 proditurus.
634 946 785 1016 Sumitur
800 958 911 1011 autem
928 942 962 1007 in
986 935 1103 1023 cedia,
1124 962 1209 1039 quae
1227 966 1287 1037 per
1303 962 1460 1018 centrum
1478 950 1618 1019 inertiae
1632 972 1710 1019 cor.

356 1046 452 1140 poris
469 1042 624 1117 tranfiens
640 1042 680 1121 acl
697 1067 795 1117 axem
810 1041 998 1141 gyrationis
1017 1035 1065 1109 ell
1087 1037 1260 1112 normalis.
1301 1044 1309 1052 ‘

905 1207 1115 1279 conoul.
1141 1227 1168 1287 ι.

407 1458 410 1465 ¹
461 1376 531 1446 543.
558 1346 719 1420 Dillantia
735 1369 818 1462 ergo
840 1347 948 1462 centri
969 1336 1190 1462 oscillationit
1211 1344 1252 1418 ab
1276 1372 1335 1422 axe
1359 1355 1703 1458 gymtionieaeqnalir

353 1448 399 1524 cll
415 1448 620 1554 longitudini
639 1444 775 1547 penduli
787 1443 943 1547 lrmplrcu
965 1438 1169 1527 isoehroni:
1195 1473 1232 1519 ac
1249 1442 1380 1553 semper
1403 1452 1444 1523 ab
1469 1458 1702 1615 mekpyratio-
1729 1563 1732 1568 .

1525 1640 1588 1744 T·

337 1606 403 1697 'nir
423 1604 455 1674 0
471 1605 577 1702 magis
590 1597 710 1689 distat,
738 1620 840 1701 quam
855 1576 1011 1694 centrum
1026 1604 1192 1687 inertiae,
1218 1601 1399 1679 intervallo
1417 1606 1457 1677 IS
1468 1632 1509 1673 ,τ

863 1788 1119 1866 COROLL
1169 1816 1205 1877 ι

448 1965 517 2035 544.
543 1932 594 2013 ild
608 1953 763 2010 centrum
777 1940 880 2038 igitur
897 1933 1110 2013 oscillationis
1130 1946 1153 2017 S
1174 1943 1414 2021 inveniendum
1437 1942 1532 2020 nolle
1554 1962 1694 2046 oportet

346 2066 560 2117 momentum
574 2046 713 2112 inertiae
729 2045 882 2138 corporis
900 2036 1052 2139 respcc‘lu
1064 2049 1135 2116 axis
1179 2074 1217 2120 er
1233 2057 1304 2143 ejus
1330 2070 1486 2122 centrum
1512 2055 1653 2122 inertiae
1676 2052 1693 2120 l

347 2142 543 2218 transeuntis
562 2163 595 2216 et
612 2147 661 2212 axi
676 2148 860 2241 gyrationis
876 2141 1051 2241 paralleli,
1073 2071 1208 2247 quodli
1224 2146 1379 2224 fuerit:
1396 2156 1494 2238 Mu,
1519 2148 1624 2223 diuidi
1635 2147 1693 2222 de-

346 2243 401 2321 bet
414 2274 476 2349 per
491 2249 556 2345 Μ]
566 2302 576 2333 ,
602 2247 669 2317 lroc
684 2242 729 2315 cll
742 2269 803 2342 per
819 2240 1023 2344 produt‘lum
1046 2272 1088 2317 cx
1101 2245 1203 2323 malla
1217 2263 1372 2354 corporir
1387 2258 1429 2327 M
1447 2260 1484 2325 in
1505 2250 1692 2325 dillautiam

343 2405 409 2473 axis
423 2403 608 2502 gyrationis
623 2422 641 2469 a
654 2412 770 2469 centro
785 2397 931 2490 ‚inertiae
952 2396 1108 2499 01=s,
1136 2422 1171 2476 et
1199 2422 1322 2508 quotus
1344 2352 1440 2547 -Λὲῗ
1464 2406 1616 2485 ostendet
1638 2406 1690 2483 di.

342 2535 494 2615 stantiam
509 2542 617 2613 centri
634 2532 885 2635 oscillationita
903 2553 1022 2611 centro
1039 2543 1191 2616 inertiae.

851 2730 1177 2829 tunorium

345 2916 347 2921 ·
441 2906 513 2978 545.
541 2876 628 2955 Hoc'
648 2869 754 2949 modo
780 2872 990 2972 investigatio
1019 2893 1130 2948 nronu
1161 2873 1388 2975 pendulorum
1412 2872 1684 2979 'compolitorrun

333 2984 378 3077 ad
400 2991 508 3060 centri
527 2981 740 3058 oscillationis
764 2975 1055 3076 investigationem
1080 2974 1219 3077 perduci
1238 2974 1344 3070 solet,
1368 2977 1424 3053 etfi
1445 2976 1485 3053 ad
1510 2984 1577 3054 lroc
1593 2976 1681 3051 suffi-

336 3098 410 3187 cit,
432 3084 692 3190 longitudinem,
743 3075 836 3150 nduli
859 3076 1015 3178 fimplicic
1040 3076 1211 3153 isoehroni
1234 3074 1356 3167 nolle,
1380 3108 1488 3183 neque
1510 3081 1575 3157 ulla
1595 3088 1682 3156 ratio
1835 3102 1841 3113 ·

334 3210 461 3292 urget,
487 3207 523 3263 ut
541 3192 608 3262 hoc
626 3213 693 3288 pen
718 3179 810 3252 ulum
827 3175 936 3251 eidem
949 3186 1002 3253 axi
1020 3176 1238 3281 llrspenlionit
1253 3238 1278 3270 ,.
1292 3201 1326 3255 et
1345 3182 1483 3282 quidem
1499 3180 1681 3258 secuudum

334 3295 461 3383 retiam
476 3318 536 3391 per
558 3309 714 3364 centrum
739 3285 877 3357 inertiae
901 3276 942 3351 ad
965 3308 1062 3355 axem
1089 3278 1309 3382 suspenllonir
1332 3283 1528 3357 normaliter
1545 3282 1681 3356 dudlnm

334 3394 534 3493 applicatum
546 3394 766 3490 concipiatur.
828 3386 959 3455 Verum
983 3386 1040 3457 hic
1060 3381 1182 3457 modus
1202 3411 1277 3457 rem
1290 3380 1504 3482 concipiendi
1519 3385 1566 3456 est
1584 3409 1679 3456 com·

333 3492 540 3570 modillnuus
556 3552 566 3583 ,
594 3513 627 3564 et
643 3492 667 3564 ti
681 3510 801 3587 corpus
815 3489 850 3557 in
864 3483 926 3559 fitu
941 3491 1062 3585 quietis
1082 3484 1248 3585 pendeat,
1282 3505 1320 3559 ut
1336 3487 1424 3560 ret‘la
1437 3511 1498 3586 per
1520 3504 1676 3559 centrum

335 3602 475 3671 inertiae
494 3592 534 3667 ad
558 3598 654 3667 axem'
677 3585 988 3685 normaliterdut‘la
1013 3586 1110 3660 llmul
1124 3587 1165 3663 su
1187 3586 1377 3685 verticalis,
1404 3606 1559 3660 centrum
1579 3578 1677 3661 ostil-

332 3699 464 3774 lationis
479 3705 517 3772 in
531 3694 646 3771 eadem
667 3694 758 3767 tetta
771 3685 982 3861 sprofundius
1008 3714 1109 3792 quam
1131 3709 1287 3763 centrum
1309 3696 1447 3763 inertiae
1474 3697 1538 3763 erit
1558 3688 1675 3781 fitum;

332 3807 549 3901 nequeenim
569 3803 625 3873 hic
645 3820 729 3897 opus
750 3817 767 3863 e
808 3846 820 3876 ‚
845 3808 882 3861 ut
898 3816 1020 3891 corpus
1044 3810 1200 3964 tanguam
1226 3798 1261 3863 in
1281 3795 1383 3886 motul
1396 3789 1574 3893 specletur.
1624 3794 1676 3863 lta

330 3904 421 3975 redla
436 3904 485 3973 01
502 3908 537 3974 iu
552 3897 748 3974 verticalem
762 3893 825 3964 OC
844 3889 992 3965 incidens
1009 3890 1100 3967 conli
1126 3914 1237 3965 eratur
1254 3948 1266 3979 ,
1289 3896 1332 3965 in'
1347 3901 1499 3994 quaerit
1520 3912 1675 3967 centrum

331 4001 545 4077 osculationis
560 4007 581 4077 S
602 3994 803 4105 profundius
823 3992 926 4090 fituur
941 4012 1061 4070 centro
1079 3992 1217 4069 inertiae
1233 3997 1272 4083 1,
1298 3992 1390 4097 quod
1412 3998 1467 4067 laic
1482 4020 1598 4075 rerem
1612 4022 1675 4066 no-

329 4180 413 4229 men
426 4158 713 4254 emrtgraeuum's
728 4146 884 4247 obtinet,
908 4151 953 4218 ita
972 4164 1008 4219 ut
1027 4144 1067 4219 fit
1081 4144 1297 4219 intervallum
1316 4148 1413 4220 18:
1431 4094 1523 4286 -Ἥ-Ξ-
1542 4173 1580 4211 =
1608 4094 1680 4282 ἒξ.

328 4294 444 4393 Quare
459 4288 601 4364 calculus
611 4295 722 4373 ¹centri
733 4284 949 4362 oscillatiunis
962 4278 1121 4357 facillime
1135 4282 1474 4389 expeditur-calculo,
1501 4310 1603 4387 quem
1618 4286 1672 4354 lu·

326 4424 387 4501 pra
404 4397 813 4501 proxmomentoflinertiae
826 4383 1032 4465 inveniendo
1052 4382 1259 4465 tradidimus.

951 4533 1065 4613 Βόα
1524 4494 1674 4634 mmm
1795 4570 1808 4583 -
