4092 5134
805 338 1227 435 PRAEFATIO.

232 680 237 691 ,
330 580 477 688 voluit,
504 576 563 662 ita
577 586 626 655 ut
640 591 699 651 ex
711 557 907 648 hedenus
924 561 1059 651 allatis
1073 563 1171 650 nihil
1186 566 1229 651 in
1244 562 1461 655 subsidium
1473 571 1704 681 vocaverit,
1729 602 1736 673 '.

329 733 398 825 sed
410 755 496 816 non
512 718 584 808 nist
599 714 743 833 primis
759 712 1027 851 mechanicae
1042 714 1250 831 principiis
1266 686 1419 827 utattir,
1450 744 1536 832 quo
1552 718 1705 831 effecit,

330 900 379 970 ut
393 879 535 966 omnia
550 871 616 957 hic
632 864 813 956 evadant
834 864 1024 950 maxime
1045 860 1268 979 perspicua.
1358 864 1514 953 Statim
1536 868 1708 984 quidem
1737 856 1740 863 ¹

326 1026 412 1146 ,hoc
423 1023 598 1115 faciliori
610 1016 738 1107 modo
753 1019 815 1102 uti
829 1012 1017 1130 potuisset
1039 1038 1188 1100 canu.
1206 1039 1429 1133 averon,
1462 1014 1600 1130 ficque
1618 1045 1706 1105 non

332 1177 449 1267 leves
466 1169 729 1263 difficultates
746 1165 995 1282 insuperiori
1019 1161 1263 1255 traslatione
1284 1187 1552 1255 occurrentes
1578 1173 1708 1257 evita·

332 1306 469 1417 visset:
497 1349 649 1413 verum
663 1323 705 1407 in
718 1336 963 1433 argumento
978 1298 1218 1409 adhuc-tam
1231 1341 1381 1429 pamm
1394 1315 1571 1405 tradate
1594 1316 1707 1406 haud

332 1444 612 1588 incongruum
645 1491 753 1578 erat,
788 1465 1034 1558 methodum
1068 1463 1344 1577 operosiorem
1369 1466 1708 1584 &prolixiorem

333 1625 620 1740 praemittere,
649 1648 734 1736 quo
751 1614 931 1732 singulae
948 1614 1140 1701 notiones
1169 1616 1211 1697 in
1229 1641 1275 1697 re
1297 1641 1403 1729 pene
1431 1644 1544 1705 nova
1569 1620 1710 1704 animo

334 1771 494 1859 firmius
523 1772 841 1885 imprimantur,
875 1762 1064 1880 ipsaeque
1100 1760 1382 1875 difficultates,
1426 1766 1576 1881 quibus
1600 1765 1710 1851 haee

332 1945 433 2037 pars
453 1915 725 2011 Machanicae
742 1911 929 2003 involuta
942 1911 1176 2024 videbatur,
1200 1912 1448 2003 luculentius
1471 1910 1712 2031 perspician-

335 2089 416 2156 tur.
473 2063 640 2179 Insuper
652 2060 763 2147 haud
778 2089 925 2178 parum
939 2062 1116 2171 interest,
1137 2060 1256 2151 'nolle
1269 2068 1398 2173 viam,
1421 2091 1505 2179 qua
1517 2063 1716 2149 incedens

338 2238 403 2305 tes
432 2214 640 2305 Audlores
673 2214 794 2299 novis
832 2208 1007 2297 Artibus
1032 2210 1262 2300 condendis
1293 2232 1367 2305 aut
1392 2212 1599 2326 insigniter
1616 2239 1714 2327 pro·

340 2362 561 2459 movendis
604 2376 777 2476 operam
820 2381 1060 2469 naverunt,
1101 2359 1197 2447 licet
1227 2356 1369 2477 postea
1396 2357 1716 2474 praestantiores

339 2509 527 2621 methodi
542 2507 612 2599 vel
628 2507 682 2594 ab
698 2506 792 2623 ipsis
807 2504 877 2595 vel
897 2509 951 2593 ab
973 2505 1063 2594 aliis
1078 2506 1335 2622 detegantur.
1393 2506 1504 2596 Mira
1519 2507 1717 2597 facilitate

342 2690 392 2751 ac
408 2657 617 2748 evidentia
632 2652 739 2741 hanc
755 2682 912 2743 novam
925 2652 1172 2759 methodum
1193 2686 1251 2743 ex
1275 2661 1419 2772 primis
1443 2659 1489 2748 dr
1504 2659 1561 2744 ab
1579 2660 1717 2744 omni-
1741 2662 1744 2671 '

341 2814 421 2901 bus
436 2803 631 2894 conceffis
646 2824 785 2890 motus
800 2804 1009 2918 principiis
1032 2802 1239 2901 derivavit
1261 2836 1370 2895 css.
1390 2833 1620 2917 Avcroa,
1653 2826 1717 2892 at·

209 2972 211 2979 '
343 2989 426 3079 que
447 2959 514 3045 ob:
527 2952 729 3042 summam
748 2947 957 3037 solutionis
979 2950 1347 3062 universalitatem,
1390 2957 1433 3038 in
1459 2955 1607 3043 eadem
1627 2957 1718 3068 jam

346 3112 488 3197 omnia
502 3106 784 3208 continentur,
827 3124 935 3211 quae
951 3097 1054 3215 Cap.
1069 3099 1149 3190 IX.
1165 3102 1282 3193 &X.
1307 3134 1381 3222 per
1399 3103 1552 3191 multas
1577 3106 1742 3199 ambas

346 3263 427 3376 ges
437 3282 591 3370 magno
603 3248 744 3335 labore
763 3270 883 3333 erant
904 3246 1085 3337 evoluta.
1145 3249 1296 3368 Supra,
1312 3254 1424 3342 -dum
1449 3283 1603 3370 corpus
1626 3259 1719 3372 qui*

240 3392 245 3403 ’
348 3408 465 3518 escit,
495 3405 611 3503 axis,
646 3398 909 3508 circa-quem
931 3397 1002 3513 ipfi
1025 3402 1137 3487 vires
1158 3404 1341 3516 primum
1365 3426 1528 3492 motum
1551 3390 1721 3521 gyrato*-

348 3563 459 3647 rinm
484 3536 753 3664 imprimunt,
809 3547 1078 3635 vehementer
1122 3548 1316 3665 operose..
1348 3551 1723 3661 deterrninabatrrr3

349 3708 425 3795 ista
435 3730 539 3793 vero
553 3695 844 3784 determinatio
856 3698 978 3785 instar
991 3693 1212 3787 Corollarii
1236 3728 1296 3787 ex
1322 3729 1436 3788 nova
1458 3702 1536 3792 hac
1555 3706 1724 3822 proble-

352 3856 477 3945 matis
502 3847 699 3937 solutione
725 3845 865 3964 sponte
882 3847 984 3936 fluit.
1070 3845 1234 3934 Deinde
1254 3850 1381 3933 etiam
1403 3848 1469 3935 hic
1495 3851 1724 3968 planissima

312 4036 315 4041 ·
351 4003 478 4112 fiunt,
522 4026 631 4113 quae
665 3997 719 4084 de
747 3997 978 4085 variatione
1016 4016 1310 4083 momentanea
1341 4018 1482 4087 motus
1507 4008 1727 4117 gyratorii,

352 4150 456 4237 dum
465 4176 617 4266 corpus
633 4141 958 4234 anullisviribus
973 4143 1233 4235 sollicitatum
1247 4147 1500 4251 circaaxem
1515 4179 1598 4236 non
1610 4156 1726 4266 prin⁴

356 4297 536 4423 cipalem
550 4313 741 4412 gyratur,
767 4319 842 4410 per
855 4288 978 4385 nimis
1010 4300 1203 4386 intricata
1232 4298 1448 4385 ratiocinia
1473 4297 1645 4386 tandem
1666 4304 1731 4388 in·

1599 4472 1729 4540 venta
