4092 5134
671 303 1100 409 ranernrro.
1283 414 1288 427 ¹

133 506 147 587 ‘-
194 522 288 612 fatis
301 508 792 639 exercitbtillllechanices
805 524 938 613 studio
952 533 1134 649 primam
1147 533 1570 627 admoventmanum.

147 666 151 673 ’
193 670 244 762 In
259 670 409 759 horum
423 669 645 787 praecipue
668 674 844 784 gratiam
860 673 926 766 hic
940 682 1140 775 tractatus
1158 712 1244 774 non
1265 674 1430 771 tantum
1450 682 1574 770 instar
1607 666 1617 679 ’

125 930 127 935 ¹
177 820 320 913 'Tomi
334 817 409 908 111.
423 816 688 907 Methanices
708 817 872 941 duobus
886 829 974 939 jam
993 840 1119 923 tomis
1133 826 1450 949 comprehensae
1472 859 1572 916 con·

128 958 133 973 ⁵
192 968 365 1086 scriptus
382 970 457 1071 est;
486 966 553 1059 sed
567 967 685 1057 simul
699 973 914 1084 praemilia
926 979 1214 1071 estacruun.
1229 1004 1473 1069 ¹mucrona:
1496 978 1621 1069 In··
1736 1004 1741 1013 “
1820 1012 1827 1021 ·
1912 1006 1915 1017 “

121 1106 168 1203 ’5.
194 1116 407 1229 laudabile,
426 1114 912 1210 univedaehlechanices
925 1124 1210 1239 fundamenta,
1226 1129 1573 1248 prima‘nirnirum
1676 1228 1681 1236 ,

159 1352 164 1361 .
195 1266 248 1359 de
262 1290 381 1357 motu
394 1264 643 1387 puniiorum
655 1272 873 1385 principia,
903 1273 1104 1364 methodo
1119 1276 1242 1395 plane
1264 1304 1397 1390 nova,
1431 1280 1571 1403 priore

194 1418 370 1511 faciliori
384 1421 639 1505 concinniori
653 1419 699 1510 ὃ(
713 1418 959 1528 evidentiori
975 1424 1113 1517 fillens
1128 1406 1310 1517 evoluta.
1354 1424 1573 1543 Integrum

192 1578 335 1687 itaque
348 1566 453 1684 opus
471 1567 703 1683 perlustrari
722 1553 855 1682 potest
873 1573 955 1659 fine
970 1572 1057 1662 'ullo
1079 1575 1249 1664 subsidio
1271 1574 1571 1692 principiorum
1645 1672 1648 1683 ,
1796 1640 1800 1649 ,

192 1726 235 1812 in
250 1720 453 1837 prioribus
466 1718 519 1806 de
531 1718 776 1807 Mechanica
791 1714 905 1809 librIs
920 1727 1218 1841 expositorum,
1230 1750 1413 1840 quorum
1427 1744 1570 1841 tamen

191 1867 314 1958 leilio
327 1866 420 1957 ideo
436 1900 522 1965 non
534 1868 794 1985 negligenda,
816 1871 885 1960 sed
898 1877 1039 1989 potius
1056 1878 1249 1964 omnibus
1269 1872 1567 1960 commendam·
1634 1921 1642 1933 ·
1685 1930 1694 1937 -
1861 1896 1864 1903 ’

192 2017 248 2125 da
261 2016 332 2128 est,
362 2024 433 2137 qui
447 2022 743 2137 principiorum
757 2021 809 2109 de
825 2046 943 2111 motu
961 2026 1210 2141 pundiorum
1224 2017 1479 2139 generalium
1497 2050 1570 2139 ap-
1639 2006 1643 2013 ’

136 2174 159 2193 ”
191 2171 458 2288 plicationem
482 2170 537 2258 ad
559 2170 780 2259 solutiones
800 2148 1112 2287 problematum
1132 2169 1364 2290 specialium
1378 2168 1451 2257 fibi
1473 2169 1569 2259 red·
1594 2148 1598 2165 ¹

194 2321 295 2410 dere
312 2318 752 2437 cupiuntfanriliarem.
793 2317 899 2413 'Sed
912 2351 1066 2439 operae
1085 2328 1264 2440 pretium¹
1277 2319 1355 2409 effe
1376 2319 1568 2431 arbitror,
1702 2418 1705 2423 ¹
1871 2292 1876 2305 ¹

134 2586 137 2591 ῃ
193 2491 241 2561 ut
257 2467 497 2559 succindius
519 2498 753 2587 exponam,
788 2498 899 2586 quae
917 2470 968 2556 fit
985 2471 1172 2560 methodi
1194 2476 1238 2557 in
1257 2466 1568 2557 introductione
1806 2448 1812 2457 ⁵

191 2622 288 2713 huic
302 2623 418 2735 operi
432 2618 645 2736 praemilia
657 2618 871 2736 usurpatae
887 2619 1127 2707 amethodo
1140 2621 1326 2737 priorum
1338 2617 1391 2707 de
1399 2616 1570 2707 Mecba·
1631 2692 1636 2705 ,
1733 2588 1741 2607 “

192 2775 289 2859 nica
301 2767 504 2855 librorum
517 2751 759 2855 differentia.
1346 2858 1349 2865 ,

202 2968 204 2973 -
300 2916 488 3007 Είῐεᾶυε
502 2917 806 3034 potentiarmn,
835 2917 986 3033 quibus
1000 2916 1155 3008 mobile
1168 2913 1425 3047 sollicitatur,
1464 2913 1567 3005 aliar
1624 2904 1629 2911 ’

192 3071 357 3174 duobus
372 3071 581 3185 principiis
598 3066 894 3185 comprehendi
908 3066 1025 3182 solet,
1067 3094 1249 3189 quorum
1272 3062 1404 3153 altero
1425 3064 1568 3153 delini·

193 3245 282 3332 tur,
316 3240 521 3335 quantum
548 3215 738 3306 celeritas
755 3270 758 3277 ·
776 3216 941 3306 mobilis
956 3223 1221 3328 immutetur,
1258 3213 1389 3302 altero
1404 3236 1566 3325 autem,
1633 3232 1637 3237 ’

142 3412 144 3417 ·
190 3394 395 3494 quantum
408 3373 498 3485 ejus
513 3367 682 3465 direiiio
698 3366 940 3469 infleliatur.
995 3367 1188 3458 Eandem
1201 3362 1448 3456 methodum
1464 3361 1565 3449 effe-

189 3515 1291 3636 ciusviriumexprimendisecutusestctn.Avcron
1306 3513 1562 3631 inprimitur.

190 3679 303 3766 libris
313 3673 366 3760 de
379 3670 633 3781 mechanica,
662 3671 799 3788 ficque
816 3646 965 3760 omnes
978 3671 1240 3786 quaestiones
1255 3666 1307 3753 de
1321 3687 1442 3753 motu
1455 3690 1561 3778 pun*

192 3828 356 3919 diorum
368 3819 478 3910 felici
489 3818 664 3909 succeffu
682 3820 794 3909 dedit
817 3820 980 3941 lolutas.
1041 3816 1226 3931 Quando
1249 3835 1392 3925 autem
1414 3840 1563 3928 corpo·

127 4042 151 4055 ·-
193 4010 288 4070 rum
304 3976 516 4065 finitorum
529 3993 670 4060 motus
687 3972 971 4089 perpenditur3
989 3958 992 3967 ’
1008 3972 1203 4057 binorum
1221 3966 1392 4053 iliorum
1413 3961 1567 4080 princi·
1626 3988 1647 4025 ν
1824 4038 1828 4045 ,

184 4135 355 4251 piorum
370 4122 791 4242 adplicatioplurimis
806 4118 982 4236 subjecta
999 4118 1057 4208 est
1074 4111 1404 4224 difficultatibuS‚
1433 4130 1560 4226 atque
1637 4222 1640 4239 ἰ

185 4287 293 4376 haec
310 4275 444 4369 euulsa
454 4274 545 4387 fuit,
576 4304 650 4377 cur
665 4270 760 4363 loco
777 4275 968 4364 binorum
982 4269 1152 4359 istorum
1164 4271 1460 4389 principiorum
1471 4264 1560 4378 jam

933 4453 958 4511 a
988 4447 1013 4530 3
1474 4438 1560 4507 non
