4092 5134
431 444 441 466 ι
529 406 596 489 126
720 382 925 483 ''CAPUT
941 390 986 478 ll.
1039 388 1117 475 DE
1131 386 1312 475 MOTU
1328 386 1667 479 GYRATORIO

533 619 610 666 cum
628 614 686 660 axe
706 586 841 659 filorum
859 608 923 680 ope
942 605 1117 663 connexa,
1145 598 1257 651 tamen
1273 576 1399 677 lingula
1421 586 1457 651 in
1480 598 1575 651 motu
1594 575 1660 669 ,stro
1675 586 1719 651 ita
1732 574 1885 677 perseve-

533 720 608 767 rare
624 684 742 792 posse,
767 704 801 757 ut
816 701 980 783 perpetuo
999 680 1131 754 easdem
1146 685 1234 750 inter
1261 674 1293 751 se
1319 680 1486 753 distantias
1512 676 1669 765 servent,
1694 708 1887 781 corpusque

531 792 625 868 suam
650 795 789 863 retincat
804 784 959 883 liguram.
1038 784 1150 877 Quare
1175 787 1275 853 etiam
1302 806 1424 855 eorum
1445 807 1548 855 nexus
1572 804 1706 855 mmuus
1728 810 1801 855 non
1827 782 1887 856 ob-

442 966 444 973 .
536 898 630 970 ssabit
646 949 655 980 ‚
677 917 745 991 quo
761 892 870 959 minus
886 883 1013 985 lingula
1032 884 1198 955 elementa
1213 902 1347 955 motum
1363 880 1458 955 suum
1475 880 1720 985 prosequimur
1734 909 1745 961 t
1770 880 1888 957 conse·

535 1016 676 1099 quenter
697 1009 804 1062 totum
829 988 949 1085 corpus
981 1006 1115 1057 motum
1138 990 1349 1085 gyratorium
1376 980 1570 1084 impressum
1604 992 1648 1055 ita
1672 988 1907 1075 contintrabit,·

535 1118 572 1171 ut
590 1090 803 1169 uniformiter
819 1096 906 1161 circa
923 1114 1018 1161 axem
1028 1084 1144 1159 eadem
1158 1106 1324 1185 perpetuo
1334 1087 1503 1159 celeritate
1517 1088 1667 1187 angulari
1682 1088 1890 1163 revolvatur.

1086 1250 1297 1328 cotton.
1330 1282 1354 1334 ι.

638 1412 706 1480 322.
730 1384 837 1459 Posrta
854 1406 937 1483 ergo
954 1377 1124 1452 celeritate
1142 1374 1293 1479 angulari
1310 1403 1349 1464 c,
1382 1394 1420 1447 ut
1444 1385 1480 1451 in
1502 1376 1653 1455 dillantia
1673 1402 1714 1455 .·:'
1736 1408 1762 1455 x
1777 1380 1818 1453 ab
1832 1402 1895 1455 axe

537 1539 578 1616 stt
595 1539 742 1613 celeritas
757 1570 796 1606 =
811 1562 860 1607 cx
879 1590 890 1620 ‚
916 1530 940 1603 st
957 1532 1039 1605 haec
1055 1530 1206 1604 celeritas
1221 1549 1365 1629 ponatur
1386 1560 1426 1597 =
1441 1556 1475 1617 v,
1492 1536 1556 1603 erit
1571 1559 1587 1603 c
1605 1566 1644 1603 :.·
1673 1502 1735 1651 -:-.
1777 1537 1893 1634 Qare

537 1706 615 1753 cum
631 1705 655 1751 κ
672 1696 705 1749 et
720 1702 742 1749 v
758 1674 820 1748 smt
835 1672 953 1761 lineae,
972 1668 1121 1745 celeritas
1138 1668 1304 1771 angularis
1321 1694 1498 1745 enumero
1514 1663 1666 1741 absoluto
1683 1678 1893 1773 exprimitur.

1084 1840 1295 1911 COROLL
1331 1860 1364 1915 2.

640 1994 705 2059 3²3·
734 1970 785 2039 Ex
816 1962 986 2040 celeritate
1006 1928 1156 2065 angulati
1178 1996 1196 2041 c
1219 1966 1392 2071 colligitur
1415 1988 1546 2069 tempus
1562 1988 1599 2059 t,
1616 1994 1686 2075 quo
1702 1975 1837 2069 gyratio
1858 1968 1898 2045 lit

1838 2080 1880 2181 Φ

539 2186 601 2261 per
619 2152 732 2227 datum
753 2148 910 2251 angulum
930 2154 986 2245 φτ
1011 2172 1090 2217 cum
1113 2154 1205 2221 enim
1226 2170 1338 2226 motus
1359 2152 1400 2224 srt
1419 2148 1625 2247 uniformis,
1657 2156 1720 2223 erit
1742 2180 1758 2225 c
1777 2184 1815 2223 ε
1832 2198 1897 2285 T,

540 2388 686 2487 ideoque
708 2404 720 2457 t
734 2418 775 2455 =
790 2422 841 2501 ’c'
855 2408 862 2451 :
888 2380 976 2453 unde
990 2400 1080 2482 patet
1094 2382 1298 2458 celeritatem
1309 2378 1505 2481 angularem
1519 2410 1537 2459 c
1552 2378 1632 2457 dare
1646 2380 1825 2483 angulum,
1839 2390 1901 2487 qui

547 2566 618 2616 uuo
635 2544 768 2611 minuto
787 2531 934 2611 secundo
950 2533 1147 2611 absolvitur.

1063 2700 1310 2776 COROLL
1360 2722 1389 2790 a

649 2856 719 2923 324.
748 2834 860 2933 Qrare
875 2830 899 2903 st
919 2858 931 2905 ι
948 2858 957 2907 t
983 2860 1014 2903 π
1027 2826 1167 2901 denotet
1190 2836 1357 2901 rationem
1375 2826 1531 2905 diametri
1553 2828 1594 2901 ad
1611 2828 1849 2931 perspicuam,
1865 2845 1904 2899 ut

549 2938 662 3008 sivae
676 2936 866 3033 peripheria
884 2932 1027 3017 circuli,
1050 2936 1145 3021 errjus
1162 2927 1272 3000 radius
1292 2928 1338 3001 ell
1355 2963 1394 2999 =
1410 2958 1449 3020 r,
1489 2948 1621 3030 tempus
1646 2936 1742 3000 unius
1767 2924 1903 3001 revolu-

1604 3056 1663 3105 απ
1715 3100 1724 3115 ,

1613 3144 1664 3157 -
1678 3122 1758 3169 mm
1776 3088 1838 3168 sec.

552 3106 653 3173 tionis
672 3156 681 3186 ,
704 3122 772 3199 quo
789 3121 908 3199 corpus
927 3103 962 3168 in
977 3096 1156 3196 prislinum
1171 3094 1268 3167 suum
1279 3100 1459 3170 revertitur
1476 3096 1521 3171 esl
1538 3130 1578 3169 =
1622 3188 1639 3227 c

1035 3267 1330 3346 COROLL.
1388 3290 1422 3352 4.

652 3442 715 3512 ³25·
746 3418 917 3515 Quoniam
940 3435 1093 3514 tempora
1122 3434 1289 3515 perpetuo
1314 3418 1512 3487 inminutis
1543 3408 1693 3487 secundia
1719 3420 1908 3513 exprimere

553 3520 780 3605 instituimus,
805 3519 829 3592 sr
846 3516 998 3591 celeritas
1023 3514 1188 3617 angularis
1207 3516 1248 3590 fit
1269 3550 1306 3589 .·.·
1328 3542 1360 3603 r,
1384 3533 1537 3617 tempore
1561 3538 1712 3619 t'corpus
1730 3534 1830 3589 motu
1846 3544 1907 3619 gy-

554 3628 682 3693 catorio
698 3616 844 3693 absolvet
864 3614 1025 3721 angulum
1036 3638 1135 3693 zet.

1067 3784 1391 3859 SCHOLION.

657 3916 726 3999 326.
753 3910 806 3979 En
828 3914 930 4007 igitur
958 3934 1021 4007 pro
1043 3906 1209 3980 mensuris
1228 3906 1385 3983 absolutis
1408 3908 1594 3985 dillinslam
1617 3916 1796 3987 notionem
1820 3914 1908 3989 cele·

555 4020 661 4087 ritatis
675 4008 870 4109 augularis,
896 4013 1017 4109 quippe
1034 4037 1118 4112 quae
1140 4018 1341 4109 exprimitur
1361 4016 1512 4111 angulo,
1536 4018 1594 4115 qui
1622 4038 1666 4087 eo
1688 4036 1787 4088 motu
1808 4042 1908 4117 gvra-

554 4122 675 4199 torio‚
704 4104 822 4183 stellet
845 4108 1040 4197 tutissimus,
1062 4112 1242 4187 intervallo
1258 4120 1353 4187 unius
1371 4120 1491 4189 minuti
1510 4110 1646 4188 secundi
1670 4108 1909 4193 conficeretur.

557 4220 725 4314 Congruit
742 4236 778 4282 ea
796 4238 873 4282 cum
890 4208 985 4311 supra
1007 4214 1151 4286 slabilito
1168 4212 1274 4287 modo
1302 4220 1442 4303 onmia,
1475 4242 1562 4313 quae
1589 4215 1629 4289 nd
1653 4242 1784 4293 motum
1804 4226 1909 4321 perti·

557 4338 640 4391 nent
656 4375 666 4407 ,
687 4312 727 4387 ad
749 4307 917 4384 nreusuras
935 4310 1093 4385 absolutas
1109 4314 1289 4387 revocandi
1306 4343 1315 4385 ι
1343 4321 1435 4407 cujus
1451 4311 1708 4391 fundamentum
1721 4328 1756 4395 iu
1771 4350 1813 4395 eo
1827 4350 1909 4395 con-

557 4422 619 4495 slat
638 4474 650 4517 ‚
675 4438 710 4493 ut
727 4432 1058 4517 temporaperpctuo
1074 4422 1263 4491 inminutis
1279 4414 1431 4493 lenmdis
1456 4426 1678 4523 exprimamus
1693 4452 1703 4500 ε
1728 4442 1798 4497 tum
1824 4448 1909 4497 vero

1790 4522 1909 4597 celeri·
