4092 5134
530 470 599 567 ης
629 452 825 550 carun
842 432 962 565 viru
1005 432 1084 532 nn
1102 364 1815 570 anu-amarromsnunro
1860 426 1879 510 ·,

632 760 701 841 583.
728 738 898 843 Propofita
914 760 997 838 ergo
1013 629 1365 836 qugcllnldusssilllnx,
1395 726 1486 817 cttjus
1501 715 1642 793 directio
1668 714 1708 790 lit
1723 720 1757 788 in
1778 708 1888 841 plqrso‘·

534 850 574 922 ad
589 876 683 923 axem
711 842 879 930 normali,
908 834 1012 940 quod.
1026 861 1121 907 axem
1144 838 1180 903 in
1204 828 1331 928 pontio
1352 830 1381 899 L
1395 822 1509 911 secer,
1533 820 1557 893 fi
1583 838 1753 920 praeterea
1778 842 1830 891 axi
1850 844 1887 892 rn

532 948 605 1051 ipso
622 950 745 1051 punslo
762 949 789 1016 L
803 950 851 1015 ris
871 940 1013 1039 aequalis
1031 956 1064 1009 et
1079 936 1249 1006 contraria
1263 932 1307 1002 Ll
1321 926 1528 1033 applicetur,
1555 923 1595 997 ab
1619 926 1671 997 his
1694 918 1820 994 duabus
1835 926 1887 994 ui·

536 1055 625 1126 ribus
647 1056 713 1124 axis
731 1046 858 1122 nullam
875 1048 944 1116 viui
963 1034 1140 1112 suslinebit.
1373 1069 1378 1077 ·

1046 1180 1300 1263 CORO'L
1347 1203 1412 1253 a·

637 1359 716 1442 58¹4.
741 1340 877 1450 Quodsi
891 1346 995 1445 igitur
1011 1362 1132 1438 corpus
1147 1360 1167 1407 a
1180 1185 1269 1406 billis
1282 1324 1476 1426 hujusmodi
1490 1326 1617 1399 viribus
1632 1322 1689 1401 Nn
1712 1344 1746 1397 et
1769 1324 1813 1396 Ll
1824 1318 1890 1397 sol.

538 1449 710 1537 licitatur,
729 1453 796 1518 axis
820 1450 932 1517 m'anet
955 1449 1142 1527 immotus,
1170 1457 1204 1509 et
1226 1430 1439 1509 solusmotus
1463 1434 1653 1530 gyratorius
1678 1426 1890 1535 perturbabi-

538 1572 589 1623 tur
612 1552 651 1622 ab
670 1574 784 1621 earum
807 1551 998 1618 momentis.
1068 1546 1159 1613 Cum
1178 1557 1290 1610 autem
1308 1540 1355 1607 vis
1377 1536 1420 1605 LI
1436 1530 1566 1604 nullum
1592 1530 1710 1601 lrabeat
1732 1552 1891 1602 momen·

538 1672 633 1741 tum,
655 1655 923 1727 mutatiomotus
940 1674 982 1721 ex
1001 1660 1180 1716 momento
1197 1637 1297 1711 solius
1313 1644 1362 1710 vis
1378 1638 1434 1709 Nn
1450 1640 1514 1707 erit
1536 1626 1739 1709 delinienda.

1050 1807 1309 1882 corona.
1344 1829 1376 1895 3.

641 1948 710 2031 585·
735 1937 847 2035 Qtare
870 1932 895 2007 st
918 1932 1066 2007 celeritas
1090 1927 1256 2027 angularis
1278 1925 1381 2000 fuerit
1395 1962 1435 1998 =
1449 1952 1492 2015 u,
1518 1940 1733 1998 momentum
1756 1924 1806 1994 uis
1832 1916 1913 1995 Na-

541 2075 581 2116 :
599 2042 675 2138 Vs,
696 2057 728 2109 et
750 2044 902 2132 corporis
918 2050 1127 2106 momentum
1141 2034 1282 2100 inertiae
1309 2025 1461 2127 respedlu
1476 2033 1543 2101 axis
1563 2029 1611 2099 ld
1630 2058 1671 2097 ..τ
1690 2024 1798 2113 Mat,
1818 2026 1891 2096 'erit

538 2174 635 2271 ila:
657 2132 852 2263 4Q
869 2211 934 2285 pro
955 2183 1126 2256 elemento
1150 2183 1312 2278 temporis
1334 2179 1397 2258 dtr
1423 2181 1478 2253 ubi
1505 2180 1701 2283 ambiguitas
1723 2162 1810 2279 signi
1835 2172 1892 2255 vel

452 2311 463 2331 ’
540 2327 817 2402 accelerationem
834 2322 889 2395 uel
908 2314 1172 2395 retardationem
1185 2315 1318 2391 indicat.
1342 2420 1345 2425 Ι

1043 2470 1371 2547 SCHOLION.

485 2600 491 2609 ¹
536 2633 538 2637 '
645 2627 722 2717 586.
752 2616 896 2718 Quando
922 2645 1006 2721 ergo
1032 2645 1153 2719 corpus
1177 2617 1326 2722 rigidum
1347 2628 1436 2694 circa
1458 2627 1652 2723 quempiam
1680 2623 1792 2693 axium
1815 2612 1891 2691 suo·

540 2750 616 2798 rtmr
637 2723 871 2825 principalium
889 2740 1053 2821 gyratur,
1078 2719 1242 2822 ssmulque
1263 2750 1281 2794 a
1305 2743 1520 2824 quotcunque
1543 2721 1736 2819 hujusmodi
1753 2720 1890 2805 viribus,

540 2853 684 2933 quarum
697 2809 842 2925 lmgulae
861 2821 921 2894 libi
937 2848 1032 2922 pares
1049 2841 1082 2894 et
1098 2831 1282 2896 contrarias
1303 2825 1363 2924 ipsi
1381 2833 1432 2897 axi
1449 2827 1623 2926 applicatae
1641 2824 1783 2897 habeant
1800 2817 1891 2922 quast

541 2933 708 3011 comites,
732 2928 1154 2997 motus'contiuuationem
1169 2925 1328 3027 assignare
1344 2926 1508 3013 valemus,
1532 2933 1694 3028 quoniam
1707 2931 1775 2997 axis
1792 2920 1889 3025 spon·

541 3047 576 3100 te
591 3045 703 3098 manet
718 3033 754 3098 in
765 3030 903 3124 quiete,
928 3044 1109 3125 motusque
1123 3024 1227 3127 aequ'e
1244 3034 1463 3114 immutatur,
1490 3054 1528 3099 ac
1550 3025 1574 3099 fi
1595 3035 1663 3098 axis
1678 3026 1827 3099 firmiter
1839 3048 1890 3097 ce·

540 3134 730 3215 sineretur,
754 3153 857 3228 quem
871 3123 982 3197 casum
998 3134 1065 3221 'pm
1080 3123 1176 3226 supra
1189 3126 1390 3201 evolvimus.
1441 3134 1570 3201 Verum
1592 3130 1675 3201 haec
1689 3125 1891 3227 determina·

545 3234 594 3300 tio
608 3226 758 3301 adslridia
774 3228 819 3301 ell
836 3224 875 3299 ad
892 3226 983 3300 issam
997 3234 1121 3300 virium
1134 3224 1381 3302 sollicitantium
1397 3237 1587 3327 rationem,
1612 3235 1823 3331 minimeque
1837 3224 1890 3301 ad·

544 3333 612 3405 huc
628 3349 718 3430 patet
734 3386 744 3426 ‚
767 3328 954 3424 cujusmodi
973 3325 1130 3402 effessum
1145 3328 1227 3404 aliae
1242 3338 1332 3405 vires
1347 3327 1452 3404 essent
1466 3331 1715 3431 produt'iuraet
1740 3334 1810 3407 hoc
1822 3334 1891 3431 qui·

491 3490 493 3495 .
543 3431 623 3523 dem
650 3428 764 3503 saltem
784 3430 992 3530 intelligitur,
1019 3456 1113 3503 axem
1134 3459 1207 3503 non
1227 3440 1263 3504 in
1281 3440 1396 3533 quiete
1409 3428 1474 3507 esl'e
1491 3429 1762 3532 permansurum,
1777 3436 1890 3504 utrum

544 3558 629 3605 vero
644 3551 776 3603 motum
795 3531 942 3630 simplice
958 3527 1201 3632 progressurum
1214 3532 1255 3606 fit
1271 3535 1439 3623 nadlurus,
1454 3562 1495 3607 an
1508 3532 1541 3607 se
1556 3531 1749 3608 inclinando
1765 3532 1890 3635 litpro·

543 3627 711 3719 ceslirrus,
734 3631 887 3705 nondum
905 3631 1019 3731 liquet.
1099 3636 1244 3707 Interim
1258 3652 1372 3708 tamen
1384 3633 1500 3725 casus,
1550 3662 1596 3709 uo
1613 3643 1665 3709 axi
1683 3652 1795 3708 rnotus
1813 3660 1892 3735 pro·

542 3731 701 3837 greffivus
717 3739 933 3834 imprimitur,
947 3739 991 3804 ira
1008 3733 1099 3804 hunc
1112 3762 1181 3836 quo
1199 3742 1363 3838 inquiete
1378 3665 1742 3836 perfittetlmpliciute
1758 3740 1889 3837 excipit,

542 3856 580 3909 ut
596 3844 665 3931 ejus
682 3834 911 3908 evolutionem
926 3829 1090 3933 suscipere
1102 3837 1278 3911 valeamus.
1330 3835 1583 3912 Observandum
1598 3845 1689 3910 enim
1705 3838 1798 3925 ell,·fi
1814 3858 1890 3913 cunt

542 3958 639 4009 motu
655 3961 857 4036 quocrmque
872 3957 984 4009 motus
999 3938 1223 4036 progressurus
1240 3936 1419 4013 uniformis
1445 3960 1479 4013 et
1500 3939 1693 4012 ret‘iilineus
1709 3949 1891 4042 coniunga-

544 4060 599 4111 tur
617 4094 626 4126 ,
651 4037 817 4108 adiionem
835 4042 957 4109 virium
970 4042 1110 4111 minime
1121 4041 1334 4140 perturbari,
1354 4040 1447 4144 quod
1460 4045 1663 4143 principirun
1683 4042 1723 4114 nd
1735 4042 1890 4144 praesent

543 4138 730 4213 institutum
747 4138 1053 4213 accommodemus.
1232 4142 1235 4147 ’

841 4342 845 4347 ,
1005 4264 1120 4338 THE
1135 4270 1170 4339 θ’
1178 4264 1210 4340 R
1225 4272 1254 4342 Ε
1268 4258 1361 4343 ΜΛ.
1408 4296 1441 4357 4.

595 4448 603 4457 ,
650 4364 857 4465 587·‚'„Q¹0¹n
885 4372 1249 4463 motumgyratorium
1278 4390 1399 4465 corpus
1419 4367 1567 4469 rigidum
1593 4376 1679 4444 circa
1701 4398 1797 4447 axem
1819 4380 1892 4476 qui·

543 4459 710 4541 escentem
737 4461 973 4569 prosequitur,
1005 4462 1152 4537 eundem
1171 4476 1304 4569 morulis
1332 4473 1420 4543 circa
1441 4474 1533 4545 hunc
1558 4498 1653 4548 arun
1673 4472 1893 4551 uniformiter

1858 4584 1890 4651 in
